1560 2294
739 97 943 139 CICERO

233 199 371 239 denda
398 213 535 239 rerum
561 200 842 253 plurimarum,
868 204 956 242 sine
983 217 1066 255 qua
1091 204 1309 244 verborum
1334 206 1445 245 volu-

233 265 370 304 bilitas
404 268 535 304 inanis
570 272 698 318 atque
731 267 939 306 irridenda
973 274 1066 315 est;
1115 275 1160 308 et
1191 272 1281 322 ipsa
1314 274 1445 311 oratio

232 330 538 377 conformanda,
564 345 647 370 non
680 332 811 371 solum
838 333 1054 381 electione,
1087 334 1162 374 sed
1195 338 1323 375 etiam
1350 350 1444 376 con-

232 399 458 436 structione
489 397 736 444 verborum3
783 403 828 437 et
858 412 1000 438 omnes
1033 402 1261 440 animorum
1291 407 1443 449 motus,

231 475 333 514 quos
357 461 569 501 hominum
592 466 736 515 generi
759 477 897 502 rerum
921 470 1070 504 natura
1093 467 1253 513 tribuit,
1276 470 1442 518 penitus

231 528 529 579 pernoscendi3
578 529 689 580 quod
723 532 853 568 omnis
888 532 947 569 vis
980 533 1169 583 ratioque
1203 531 1366 571 dicendi
1398 536 1441 572 in

232 606 388 639 eorum,
425 596 495 645 qui
532 594 719 640 audiunt,
755 596 979 642 mentibus,
1016 602 1089 635 aut
1125 597 1330 644 sedandis,
1367 605 1440 638 aut

232 659 460 698 excitandis
479 660 759 711 expromenda
777 666 853 700 est.
908 661 1094 701 Accedat
1113 662 1259 701 eodem
1277 669 1442 715 oportet

231 723 345 776 lepos
371 725 539 777 quidam
568 724 843 778 facetiaeque,
864 732 909 766 et
938 727 1114 767 eruditio
1144 728 1272 768 libero
1302 729 1441 782 digna,

230 790 502 843 celeritasque
538 796 582 830 et
619 791 798 831 brevitas
837 797 882 831 et
913 793 1203 845 respondendi,
1238 800 1282 834 et
1315 794 1440 835 laces-

230 856 361 902 sendi,
381 856 521 895 subtili
543 862 778 904 venustate,
798 863 926 910 atque
949 859 1185 898 urbanitate
1209 862 1437 900 coniuncta.

170 926 211 959 18
229 921 427 960 Tenenda
456 927 675 974 praeterea
706 929 770 962 est
805 926 935 962 omnis
967 927 1206 977 antiquitaS,
1232 926 1439 978 exemplo-

229 1001 402 1039 rumque
432 990 516 1034 vis3
548 1001 685 1040 neque
713 988 868 1041 legum,
897 995 971 1028 aut
994 992 1092 1028 iuris
1117 990 1242 1029 civilis
1268 994 1439 1031 scientia

229 1053 490 1105 neglegenda
505 1059 581 1092 est.
638 1053 744 1092 Nam
760 1054 859 1106 quid
875 1068 953 1107 ego
973 1055 1026 1094 de
1042 1058 1204 1095 actione
1219 1059 1308 1108 ipsa
1321 1057 1439 1109 plura

228 1118 392 1157 dicam?
422 1132 529 1171 quae
543 1125 661 1158 motu
684 1122 876 1171 corporis,
897 1134 1004 1172 quae
1023 1127 1161 1173 gestu,
1180 1135 1288 1174 quae
1307 1122 1438 1170 vultu,

228 1197 336 1236 quae
370 1187 476 1222 vocis
512 1183 835 1224 conformatione
869 1199 917 1225 ac
951 1189 1153 1226 varietate
1187 1187 1439 1227 moderanda

229 1255 319 1295 est3
357 1263 464 1302 quae
497 1250 582 1289 sola
609 1264 684 1302 per
716 1264 760 1289 se
790 1253 880 1302 ipsa
911 1257 1069 1304 quanta
1100 1255 1168 1299 sit,
1195 1252 1437 1293 histrionum

228 1315 328 1354 levis
357 1328 421 1354 ars
450 1320 495 1354 et
522 1329 646 1354 scena
673 1316 880 1356 declarat:
918 1320 962 1355 in
994 1331 1076 1370 qua
1103 1331 1197 1357 cum
1225 1332 1366 1358 omnes
1394 1322 1436 1358 in

229 1383 322 1426 oris,
347 1386 391 1419 et
414 1383 536 1427 vocis,
560 1386 605 1420 et
627 1387 763 1420 motus
787 1382 1070 1422 moderatione
1095 1383 1322 1431 elaborent,
1346 1388 1436 1437 quis

228 1449 405 1498 ignorat,
439 1460 563 1498 quam
596 1450 716 1498 pauci
749 1450 845 1494 sint,
879 1447 1130 1501 fuerintque,
1164 1463 1266 1501 quos
1300 1453 1436 1490 animo

227 1525 360 1564 aequo
383 1517 571 1563 spectare
592 1515 792 1564 possimus
810 1514 825 1551 ?
881 1513 990 1562 Quid
1012 1514 1145 1553 dicam
1167 1515 1220 1553 de
1242 1514 1436 1555 thesauro

225 1590 362 1616 rerum
385 1580 581 1624 omnium,
603 1581 801 1617 memoria
819 1579 834 1617 ?
872 1592 979 1631 quae
1002 1582 1078 1618 nisi
1100 1586 1236 1619 custos
1258 1583 1434 1620 inventis

225 1646 499 1695 cogitatisque
514 1644 637 1682 rebus
655 1649 699 1682 et
719 1645 852 1683 verbis
868 1643 1128 1691 adhibeatur,
1143 1646 1434 1699 intellegimus,

225 1711 375 1754 omnia,
410 1711 538 1747 etiam
570 1711 604 1747 si
637 1709 960 1761 praeclarissima
992 1709 1148 1750 fuerint
1180 1714 1224 1750 in
1256 1717 1433 1760 oratore,

224 1777 419 1825 peritura.

165 1849 206 1882 19
277 1838 412 1887 Quam
441 1840 494 1878 ob
522 1852 611 1878 rem
638 1843 776 1879 mirari
809 1840 1058 1887 desinamus,
1087 1855 1194 1894 quae
1227 1855 1350 1882 causa
1379 1845 1434 1882 sit

226 1904 507 1956 eloquentium
541 1908 775 1956 paucitatis,
800 1920 893 1944 cum
923 1920 974 1945 ex
999 1909 1057 1945 eis
1090 1907 1212 1946 rebus
1237 1910 1433 1948 universis

227 1970 463 2022 eloquentia
482 1976 658 2017 constet,
678 1972 825 2023 quibus
852 1974 894 2010 in
919 1972 1087 2024 singulis
1114 1972 1323 2012 elaborare
1342 1987 1432 2026 per-

227 2063 276 2098 14
