1560 2294
746 115 952 156 CICERO

243 231 325 258 non
348 218 483 258 eidem
501 221 545 258 in
567 222 655 259 iure
674 220 794 267 civili,
813 224 1057 272 praesertim
1076 235 1170 261 cum
1183 225 1227 261 in
1245 225 1390 270 causis,
1410 229 1455 264 et

241 293 285 329 in
303 293 494 343 negotiis,
514 296 558 330 et
576 293 619 330 in
636 290 725 330 foro
744 298 1019 340 conteramur,
1038 295 1137 333 satis
1154 296 1344 334 instructi
1364 308 1454 334 esse

241 374 456 414 possumus
477 362 531 401 ad
549 361 627 401 hoc
647 363 867 410 duntaxat,
887 377 940 403 ne
960 366 1003 402 in
1022 370 1163 404 nostra
1181 368 1317 417 patria
1335 379 1452 418 pere-

157 442 224 476 250
240 435 346 486 grini
371 439 498 486 atque
523 433 708 473 advenae
733 447 822 474 esse
847 435 1092 475 videamur?
1145 436 1208 476 Ac
1235 439 1269 476 si
1294 439 1376 477 iam
1399 439 1454 477 sit

241 517 364 543 causa
386 505 524 557 aliqua
545 505 599 544 ad
620 519 693 545 nos
716 505 856 545 delata
878 507 1098 553 obscurior,
1120 507 1295 555 difficile,
1316 508 1453 555 credo,

241 578 296 615 sit
317 589 412 615 cum
433 575 511 615 hoc
533 575 729 616 Scaevola
750 580 1051 617 communicare
1070 591 1080 625 ;
1118 592 1354 632 quanquam
1376 582 1453 632 ipsi

241 650 393 694 omnia,
427 661 601 700 quorum
634 651 849 701 negotium
884 654 962 696 est,
996 650 1183 689 consulta
1215 650 1270 690 ad
1301 664 1375 690 nos
1409 657 1454 690 et

242 721 449 771 exquisita
481 718 688 758 deferunt.
743 720 812 758 An
844 733 940 759 vero
972 723 1007 759 si
1038 721 1091 760 de
1122 734 1168 761 re
1199 724 1303 774 ipsa,
1334 725 1369 761 si
1399 722 1453 762 de

242 789 405 837 finibus,
428 803 522 829 cum
547 793 590 829 in
614 803 703 829 rem
725 797 990 843 praesentem
1016 806 1098 831 non
1121 795 1321 840 venimus,
1343 795 1377 832 si
1399 793 1452 833 de

242 861 408 908 tabulis,
424 867 469 900 et
483 863 845 914 perscriptionibus
861 866 1137 902 controversia
1152 870 1231 911 est,
1246 870 1454 904 contortas

241 946 307 972 res
324 938 369 972 et
383 946 508 985 saepe
525 933 705 972 difficiles
721 937 950 974 necessario
965 935 1232 987 perdiscimus
1251 950 1261 975 z
1291 939 1325 975 si
1339 935 1454 990 leges

241 1004 372 1051 nobis,
402 1009 476 1043 aut
508 1007 542 1043 si
575 1003 787 1044 hominum
819 1008 1046 1058 peritorum
1078 1020 1274 1059 responsa
1306 1021 1455 1061 cogno-

241 1075 394 1115 scenda
418 1081 529 1122 sunt,
549 1089 739 1115 veremur
765 1090 820 1116 ne
849 1090 913 1124 ea,
932 1080 966 1116 si
994 1078 1047 1117 ab
1075 1077 1353 1118 adolescentia
1377 1081 1454 1118 iuri

239 1147 347 1186 civili
366 1149 500 1186 minus
520 1147 813 1194 studuerimus,
833 1162 915 1187 non
935 1162 1134 1201 queamus
1155 1163 1400 1203 cognoscere
1418 1150 1434 1189 ?

293 1217 404 1257 LIX.
435 1218 599 1257 Nihilne
636 1221 763 1271 igitur
798 1219 969 1271 prodest
1005 1223 1158 1259 oratori
1193 1223 1291 1260 iuris
1327 1221 1452 1261 civilis

241 1292 413 1329 scientia
430 1289 447 1328 ?
501 1289 540 1327 N
541 1303 594 1328 on
611 1303 779 1342 possum
796 1304 950 1344 negare
968 1291 1164 1343 prodesse
1182 1292 1308 1332 ullam
1325 1295 1454 1332 scien-

240 1363 357 1407 tiam,
390 1363 429 1399 ei
460 1363 720 1412 praesertim,
752 1364 866 1401 cuius
900 1362 1138 1415 eloquentia
1168 1366 1286 1416 copia
1316 1377 1452 1404 rerum

240 1432 396 1471 debeat
413 1445 502 1471 esse
518 1437 665 1471 ornata
683 1445 693 1479 ;
724 1432 799 1472 sed
813 1433 959 1480 multa,
977 1440 1021 1473 et
1036 1448 1202 1488 magna,
1219 1440 1263 1474 et
1279 1435 1454 1474 difficilia

240 1509 338 1542 sunt
364 1516 428 1550 ea,
450 1516 558 1556 quae
587 1509 684 1543 sunt
711 1507 864 1543 oratori
892 1508 1135 1553 necessaria,
1157 1512 1206 1546 ut
1228 1509 1314 1545 eius
1335 1507 1453 1546 indu-

239 1577 383 1614 striam
400 1576 443 1612 in
461 1574 580 1626 plura
598 1575 736 1614 studia
754 1575 983 1615 distrahere
1002 1576 1141 1616 nolim.

154 1661 218 1695 251
291 1645 392 1694 Quis
411 1651 554 1698 neget,
572 1659 674 1698 opus
694 1659 783 1685 esse
801 1650 968 1693 oratori,
986 1650 1028 1686 in
1046 1647 1123 1687 hoc
1141 1651 1318 1688 oratorio
1335 1654 1452 1689 motu

238 1716 593 1770 statuque‚Roscii
607 1723 773 1770 gestum
788 1723 833 1757 et
841 1719 1131 1758 venustatem?
1159 1719 1317 1759 Tamen
1329 1734 1451 1760 nemo

237 1790 414 1827 suaserit
433 1787 624 1827 studiosis
644 1788 807 1828 dicendi
827 1789 1170 1837 adolescentibus,
1189 1793 1233 1829 in
1251 1797 1374 1844 gestu
1392 1791 1451 1831 di-

238 1859 389 1898 scendo
408 1858 653 1898 histrionum
671 1873 786 1899 more
807 1859 1030 1900 elaborare.
1086 1861 1197 1910 Quid
1217 1868 1281 1901 est
1299 1866 1449 1902 oratori

239 1934 326 1969 tam
354 1933 644 1977 necessarium,
672 1944 796 1983 quam
825 1932 938 1970 vox?
982 1932 1153 1980 Tamen,
1172 1946 1239 1972 me
1269 1939 1451 1982 auctore,

237 2014 360 2041 nemo
397 2001 562 2041 dicendi
597 2001 819 2050 studiosus,
853 2002 1103 2043 Graecorum
1135 2017 1250 2044 more
1287 2010 1451 2058 tragoe-

241 2092 315 2129 182
