1560 2294
736 125 941 166 CICERO

231 229 471 281 Apollonius
491 230 772 269 iubebat—ad
791 230 848 276 id,
864 230 974 282 quod
989 229 1126 268 facere
1147 231 1291 281 possit,
1306 229 1444 269 detru—

231 300 413 339 dendum
431 307 547 352 puto.

149 378 210 410 131
283 371 438 410 XXIX.
472 372 582 410 Num
610 378 658 411 tu
687 375 826 424 igitur,
855 375 990 424 inquit
1019 371 1233 423 Sulpicius,
1261 385 1344 418 me,
1372 377 1444 411 aut

231 442 340 481 hunc
373 443 555 490 Cottam,
587 446 650 482 ius
682 443 813 490 civile,
847 449 920 482 aut
956 457 1045 482 rem
1076 443 1298 482 militarem
1327 443 1444 482 iubes

232 514 423 552 discere?
478 514 585 552 Nam
614 517 704 566 quis
733 514 786 553 ad
813 517 894 553 ista
922 528 1082 553 summa
1109 519 1237 566 atque
1263 517 1307 552 in
1334 517 1443 553 omni

232 599 386 637 genere
415 585 615 637 perfecta,
639 591 780 637 potest
803 588 1017 637 pervenire
1037 586 1052 624 ?
1099 585 1205 624 Tum
1228 585 1295 624 ille
1315 599 1325 624 ι
1354 586 1444 638 Ego

232 670 342 702 vero,
384 659 532 708 inquit,
574 657 686 709 quod
725 660 768 695 in
810 658 922 695 vobis
965 659 1177 709 egregiam
1221 657 1444 709 quamdam

233 741 280 766 ac
310 728 562 779 praeclaram
592 728 773 766 indolem
804 728 858 766 ad
887 728 1108 767 dicendum
1139 741 1229 766 esse
1259 731 1444 780 cognovi,

232 799 380 837 idcirco
399 799 500 837 haec
520 802 690 851 exposui
708 802 845 838 omnia
863 812 873 845 ;
906 813 982 838 nec
1000 802 1131 852 magis
1150 799 1204 838 ad
1221 812 1290 838 eos
1309 799 1445 838 deter-

232 870 394 916 rendos,
420 873 489 922 qui
514 884 596 909 non
618 876 803 922 possent,
827 884 952 922 quam
977 870 1030 909 ad
1053 884 1138 917 vos,
1162 873 1232 922 qui
1255 873 1444 922 possetis,

233 941 492 980 exacuendos
542 941 845 980 accommodavi
894 944 1123 980 orationem
1170 955 1308 980 meam
1327 954 1337 988 ;
1399 947 1444 982 et

233 1026 470 1064 quanquam
505 1015 549 1051 in
584 1018 761 1065 utroque
798 1018 981 1051 vestrum
1018 1026 1224 1051 summum
1261 1026 1349 1051 esse
1385 1015 1446 1051 in-

231 1086 400 1136 genium
419 1083 685 1136 studiumque
703 1086 909 1136 perspexi,
928 1089 1071 1123 tamen
1088 1083 1205 1130 haec,
1223 1097 1330 1136 quae
1349 1090 1445 1124 sunt

231 1157 274 1192 in
295 1157 431 1205 specie
452 1157 601 1206 posita,
623 1155 676 1194 de
697 1156 845 1207 quibus
865 1155 984 1206 plura
1003 1153 1178 1194 fortasse
1200 1154 1299 1201 dixi,
1321 1169 1444 1207 quam

150 1239 212 1272 132
232 1225 366 1264 solent
386 1226 533 1264 Graeci
552 1226 703 1273 dicere,
721 1228 764 1264 in
782 1232 841 1272 te,
860 1225 1025 1277 Sulpici,
1044 1225 1182 1264 divina
1200 1231 1308 1265 sunt.
1354 1226 1444 1279 Ego

233 1299 343 1335 enim
360 1300 584 1344 neminem,
601 1310 678 1336 nec
695 1303 813 1336 motu
831 1300 1022 1349 corporis,
1040 1310 1176 1349 neque
1194 1299 1282 1349 ipso
1299 1296 1443 1336 habitu

233 1374 359 1420 atque
382 1367 514 1407 forma
537 1371 753 1420 aptiorem,
775 1382 852 1408 nee
874 1382 973 1407 voce
994 1368 1235 1420 pleniorem,
1259 1374 1332 1407 aut
1353 1382 1444 1408 sua-

233 1442 385 1478 viorem
411 1439 511 1478 mihi
538 1439 679 1479 videor
705 1439 896 1486 audisse3
937 1453 1044 1492 quae
1071 1440 1219 1491 quibus
1246 1452 1270 1477 a
1295 1445 1443 1478 natura

231 1513 389 1549 minora
408 1511 507 1549 data
522 1516 632 1557 sunt,
648 1516 791 1550 tamen
808 1510 909 1549 illud
924 1513 1086 1562 assequi
1103 1515 1290 1562 possunt,
1306 1515 1353 1549 ut
1371 1513 1442 1557 eis,

232 1595 339 1633 quae
364 1581 561 1628 habeant,
585 1582 745 1621 modice
771 1587 815 1621 et
839 1584 1016 1620 scienter
1041 1587 1225 1627 utantur,
1251 1586 1295 1620 et
1318 1586 1366 1620 ut
1389 1595 1442 1620 ne

232 1652 446 1691 dedeceat.
504 1653 554 1691 Id
573 1656 683 1691 enim
703 1658 767 1692 est
785 1655 964 1692 maxime
984 1652 1212 1698 vitandum,
1233 1657 1277 1691 et
1295 1651 1348 1690 de
1367 1651 1443 1691 hoc

232 1737 313 1762 uno
329 1727 497 1763 minime
519 1729 583 1762 est
602 1723 722 1762 facile
737 1726 990 1775 praecipere,
1006 1737 1087 1762 non
1107 1722 1207 1761 mihi
1221 1722 1357 1769 modo,
1373 1726 1442 1775 qui

231 1797 336 1832 sicut
350 1809 454 1833 unus
468 1794 763 1846 paterfamilias
778 1794 839 1833 his
854 1795 906 1833 de
921 1795 1043 1833 rebus
1057 1794 1214 1846 loquor,
1228 1793 1301 1832 sed
1316 1796 1442 1832 etiam

230 1868 306 1916 ipsi
325 1865 381 1903 illi
402 1866 546 1904 Roscio
566 1879 575 1912 ;
610 1879 735 1918 quem
754 1879 878 1917 saepe
898 1865 1019 1904 audio
1039 1865 1189 1911 dicere,
1208 1870 1334 1916 caput
1353 1878 1441 1903 esse

231 1939 343 1982 artis,
365 1936 511 1974 decere
532 1951 540 1975 :
577 1936 687 1988 quod
708 1942 849 1975 tamen
869 1950 997 1974 unum
1017 1936 1059 1974 id
1080 1949 1183 1981 esse,
1204 1935 1314 1987 quod
1334 1935 1440 1974 tradi

150 2022 212 2056 133
232 2012 320 2046 arte
339 2021 420 2046 non
437 2011 577 2059 possit.
634 2007 730 2054 Sed,
747 2010 780 2047 si
797 2007 949 2060 placet,
966 2020 1197 2046 sermonem
1215 2005 1293 2046 alio
1311 2011 1440 2045 trans-

229 2091 281 2134 92
