1560 2294
757 98 961 138 CICERO

254 199 471 247 dialectici,
498 206 547 240 ut
570 201 767 248 iudicent,
786 215 982 241 verumne
1008 205 1061 242 sit
1088 217 1141 242 an
1165 203 1326 252 falsum,
1352 210 1410 252 et,
1427 209 1458 245 si
1496 215 1498 217 ’

254 267 469 304 coniuncte
492 268 546 305 sit
566 265 736 313 elatum,
761 272 805 306 et
828 267 1021 306 adiuncta
1045 271 1127 307 sint
1150 269 1242 316 alia,
1265 270 1460 318 iudicant,

252 336 420 370 rectene
460 331 653 370 adiuncta
692 335 774 371 sint
813 338 857 372 et
888 346 1037 372 verane
1069 347 1228 373 summa
1259 338 1312 374 sit
1343 338 1461 375 unius

252 397 449 448 cuiusque
462 399 645 443 rationis,
661 403 705 436 et
719 398 772 437 ad
786 403 1018 438 extremum
1032 402 1108 451 ipsi
1122 413 1165 438 se
1180 407 1462 454 compungunt

252 463 335 500 suis
368 463 621 501 acuminibus
655 469 699 502 et
726 463 858 502 multa
883 465 1119 516 quaerendo
1144 468 1356 517 reperiunt
1379 480 1462 506 non

253 527 375 566 modo
405 541 468 573 ea,
495 541 602 580 quae
628 531 711 567 iam
736 542 819 567 non
844 532 1002 580 possint
1027 533 1104 581 ipsi
1129 531 1363 578 dissolvere,
1388 532 1462 571 sed

255 594 381 631 etiam
407 594 554 645 quibus
581 599 678 633 ante
706 607 864 641 exorsa,
890 600 935 634 et
959 598 1095 646 potius
1122 596 1310 643 detexta,
1334 611 1461 650 prope

173 669 236 702 159
254 663 508 697 retexantur.
560 659 638 697 Hic
656 673 729 698 nos
747 662 873 712 igitur
891 660 1049 699 Stoicus
1067 663 1146 700 iste
1164 661 1264 700 nihil
1282 662 1462 709 adiuvat,

255 726 463 775 quoniam,
478 738 603 776 quem
619 725 672 763 ad
690 726 859 764 modum
877 728 1083 765 inveniam
1101 727 1201 779 quid
1219 727 1367 775 dicam,
1381 742 1462 767 non

255 789 406 836 docet3
450 795 577 841 atque
606 790 718 829 idem
748 794 874 830 etiam
903 792 1091 843 impedit,
1121 793 1232 844 quod
1260 798 1305 832 et
1332 793 1464 832 multa

254 857 423 907 reperit,
440 869 546 907 quae
564 861 692 908 negat
708 856 790 895 ullo
806 857 928 896 modo
943 870 1063 909 posse
1080 857 1256 905 dissolvi,
1273 864 1318 897 et
1333 872 1463 911 genus

254 923 451 959 sermonis
471 921 590 960 affert
604 935 686 960 non
705 921 919 974 liquidum,
934 936 1016 961 non
1030 921 1167 962 fusum
1183 937 1230 962 ac
1243 923 1463 976 profluens,

254 986 328 1024 sed
363 986 484 1032 exile,
515 986 688 1033 aridum,
717 990 921 1026 concisum
957 1001 1004 1027 ac
1037 991 1257 1036 minutum,
1285 989 1397 1042 quod
1428 992 1462 1029 si

254 1054 344 1103 quis
367 1052 573 1103 probabit,
597 1055 656 1091 ita
679 1053 884 1104 probabit,
908 1059 956 1092 ut
979 1057 1130 1092 oratori
1153 1059 1295 1094 tamen
1318 1061 1462 1107 aptum

253 1131 336 1155 non
364 1130 453 1156 esse
476 1116 671 1156 fateatur.
732 1118 847 1156 Haec
876 1121 985 1157 enim
1009 1125 1149 1158 nostra
1171 1123 1302 1159 oratio
1324 1121 1462 1160 multi-

253 1182 407 1221 tudinis
438 1188 502 1221 est
532 1183 696 1221 auribus
727 1184 1085 1230 accommodanda,
1116 1185 1169 1223 ad
1197 1185 1462 1225 oblectandos

253 1250 424 1294 animos,
452 1247 505 1286 ad
530 1248 814 1299 impellendos,
841 1249 894 1288 ad
921 1262 971 1288 ea
996 1250 1221 1301 probanda,
1248 1264 1354 1303 quae
1381 1265 1462 1290 non

254 1313 427 1351 aurificis
461 1318 632 1360 statera,
666 1314 740 1353 sed
771 1314 958 1366 populari
991 1315 1170 1367 quadam
1202 1319 1360 1355 trutina
1393 1330 1462 1356 ex-

255 1382 501 1417 aminantur.

172 1459 237 1493 100
306 1444 399 1492 Qua
418 1457 462 1483 re
482 1447 605 1483 istam
621 1449 755 1483 artem
774 1450 908 1484 totam
923 1445 1194 1493 dimittamus,
1210 1460 1316 1499 quae
1331 1450 1374 1486 in
1393 1461 1463 1486 ex·

253 1510 482 1562 cogitandis
498 1513 751 1562 argumentis
766 1516 884 1549 muta
899 1514 1070 1550 nimium
1087 1517 1165 1558 est,
1181 1514 1223 1551 in
1237 1512 1462 1552 iudicandis

253 1578 424 1614 nimium
439 1575 602 1627 loquax.
640 1575 865 1615 Critolaum
880 1578 1020 1623 istum,
1032 1590 1156 1629 quem
1168 1590 1261 1616 cum
1274 1577 1462 1631 Diogene

254 1643 413 1680 venisse
426 1654 734 1687 commemoras,
746 1647 848 1693 puto
861 1641 952 1694 plus
964 1641 1058 1680 huic
1070 1648 1209 1682 nostro
1221 1643 1357 1682 studio
1371 1657 1463 1695 pro-

253 1706 372 1746 desse
392 1709 589 1759 potuisse.
639 1707 741 1745 Erat
761 1709 870 1746 enim
890 1708 942 1746 ab
957 1710 1036 1746 isto
1051 1708 1290 1756 Aristotele,
1306 1722 1330 1747 a
1349 1711 1462 1748 cuius

253 1774 430 1811 inventis
453 1772 530 1811 tibi
555 1786 632 1824 ego
652 1772 791 1811 videor
814 1786 895 1811 non
918 1773 1039 1826 longe
1063 1774 1265 1814 aberrare.
1320 1775 1461 1827 Atque

252 1840 362 1877 inter
379 1837 487 1877 hunc
506 1838 788 1885 Aristotelem,
807 1841 919 1877 cuius
939 1845 982 1877 et
1005 1839 1118 1878 illum
1141 1839 1223 1892 legi
1240 1839 1402 1887 librum,
1420 1843 1463 1879 in

254 1917 335 1956 quo
365 1906 554 1955 exposuit
578 1904 740 1943 dicendi
769 1910 878 1943 artes
911 1907 1092 1944 omnium
1123 1908 1390 1958 superiorum,
1419 1911 1463 1945 et

253 1969 355 2015 illos,
368 1972 410 2008 in
424 1970 571 2022 quibus
585 1972 671 2022 ipse
686 1983 759 2008 sua
773 1970 977 2023 quaedam
996 1971 1048 2010 de
1069 1971 1215 2011 eadem
1235 1977 1323 2010 arte
1344 1971 1461 2016 dixit,

253 2053 329 2088 812
