1560 2294
764 111 969 151 CICERO

182 235 245 269 119
265 221 371 260 ditos
382 219 535 259 habere
549 217 724 257 debetis.
746 216 936 269 Longum
949 221 1013 255 est
1025 218 1134 255 enim
1146 228 1254 254 nunc
1265 228 1332 255 me
1341 214 1468 268 expli-

265 291 372 324 care,
387 290 469 329 qua
482 278 642 314 ratione
662 280 735 313 aut
754 273 992 312 confirmare
1013 278 1086 311 aut
1103 272 1308 311 infirmare
1323 278 1468 319 testes,

265 334 441 380 tabulas,
464 335 726 386 quaestiones
745 336 949 382 oporteat.
998 330 1114 369 Haec
1135 335 1233 368 sunt
1254 332 1392 369 omnia
1407 333 1471 368 in-

265 395 375 445 genii
404 391 469 430 vel
493 390 722 435 mediocris,
749 390 1055 426 exercitationis
1074 392 1216 426 autem
1237 390 1468 434 maximae3

266 455 399 488 artem
418 447 586 501 quidem
599 452 642 485 et
655 450 878 498 praecepta
890 445 1110 483 dumtaxat
1124 443 1323 483 hactenus
1334 447 1470 498 requi-

183 521 248 556 120
266 513 376 553 runt,
391 511 440 545 ut
455 507 577 544 certis
592 502 755 543 dicendi
773 502 993 540 luminibus
1013 506 1222 540 ornentur.
1277 501 1469 555 Itemque

265 565 347 610 illa,
362 576 469 616 quae
490 567 586 601 sunt
607 561 774 599 alterius
796 561 973 612 generis,
994 571 1101 611 quae
1120 563 1212 597 tota
1232 559 1286 598 ab
1305 565 1467 599 oratore

265 625 493 675 pariuntur,
535 619 882 670 excogitationem
921 629 1004 654 non
1043 615 1201 655 habent
1239 616 1442 656 difficilem
1458 629 1470 664 ;

267 679 583 731 explicationem
623 677 755 727 magis
794 673 995 712 illustrem
1034 673 1361 730 perpolitamque
1401 674 1471 714 de-

266 737 462 775 siderant.
522 733 670 785 Itaque
699 745 793 770 cum
822 730 925 769 haec
963 730 1044 769 duo
1081 731 1197 768 nobis
1235 731 1472 782 quaerenda

266 797 349 833 sint
389 796 433 832 in
474 794 619 836 causis,
661 792 838 841 primum
880 788 993 840 quid,
1035 787 1185 826 deinde
1227 801 1309 840 quo
1349 789 1472 828 modo

267 852 464 896 dicamus,
483 849 673 893 alterum,
691 846 802 898 quod
826 851 963 884 totum
989 850 1078 883 arte
1101 847 1278 884 tinctum
1297 846 1472 896 videtur,

267 910 435 948 tametsi
458 912 591 946 artem
612 906 798 956 requirit,
821 909 963 942 tamen
985 902 1230 954 prudentiae
1253 908 1318 942 est
1338 917 1472 956 paene

267 966 480 1006 mediocris
500 963 600 1016 quid
618 961 838 1001 dicendum
860 963 915 999 sit
937 960 1076 999 videre
1094 972 1105 1006 ;
1139 959 1315 1000 alterum
1334 966 1412 1008 est,
1429 963 1474 1000 in

268 1038 349 1077 quo
363 1025 534 1063 oratoris
548 1023 607 1060 vis
620 1020 690 1058 illa
704 1019 841 1058 divina
854 1020 1064 1069 virtusque
1079 1020 1273 1064 cernitur,
1288 1031 1352 1065 ea,
1366 1031 1474 1071 quae

268 1081 442 1121 dicenda
460 1084 570 1125 sunt,
588 1083 747 1123 ornate,
766 1079 927 1128 copiose
946 1077 1140 1127 varieque
1158 1075 1307 1114 dicere.

184 1156 246 1190 121
319 1139 516 1179 XXVIII.
544 1138 637 1186 Qua
648 1151 693 1176 re
707 1136 819 1175 illam
830 1141 993 1187 partem
1005 1137 1270 1187 superiorem,
1279 1138 1472 1187 quoniam

267 1198 396 1238 semel
427 1200 488 1236 ita
519 1196 632 1235 vobis
671 1194 839 1246 placuit,
876 1206 959 1232 non
996 1193 1193 1231 recusabo
1226 1206 1308 1245 quo
1340 1195 1474 1232 minus

268 1255 493 1309 perpoliam
513 1259 639 1305 atque
659 1251 1125 1302 conficiam—quantum
1144 1262 1384 1303 consequar,
1403 1263 1473 1289 vos

268 1310 699 1362 iudicabitis—quibus
726 1322 779 1347 ex
804 1307 901 1347 locis
925 1307 978 1346 ad
1001 1320 1070 1346 eas
1093 1312 1178 1345 tres
1195 1320 1275 1353 res,
1294 1320 1401 1359 quae
1421 1307 1475 1346 ad

269 1371 393 1410 fidem
430 1367 662 1407 faciendam
699 1365 809 1405 solae
847 1364 1000 1410 valent,
1038 1364 1212 1403 ducatur
1249 1366 1394 1410 oratio,
1426 1369 1475 1404 ut

270 1434 314 1467 et
344 1426 610 1466 concilientur
643 1425 767 1462 animi
801 1427 846 1461 et
878 1421 1104 1461 doceantur
1142 1426 1186 1460 et
1218 1426 1473 1461 moveantur.

270 1486 386 1525 Haec
405 1490 502 1523 sunt
522 1485 631 1522 enim
645 1483 737 1521 tria.
790 1480 853 1518 Ea
867 1492 963 1518 vero
978 1492 1103 1531 quem
1118 1478 1172 1517 ad
1185 1478 1353 1518 modum
1367 1478 1476 1518 illus-

269 1548 445 1588 trentur,
465 1545 630 1593 praesto
650 1544 728 1584 est,
743 1540 813 1590 qui
833 1549 974 1576 omnes
990 1536 1137 1575 docere
1153 1538 1296 1588 possit,
1311 1538 1381 1588 qui
1400 1535 1477 1575 hoc

270 1603 422 1653 primus
446 1601 489 1637 in
511 1603 670 1636 nostros
694 1608 827 1634 mores
850 1594 1027 1639 induxit,
1051 1595 1121 1645 qui
1143 1595 1322 1632 maxime
1347 1595 1476 1637 auxit,

188 1670 252 1704 122
271 1660 341 1710 qui
360 1656 467 1696 solus
488 1654 635 1694 effecit.
685 1652 874 1704 Namque
895 1665 987 1704 ego,
1003 1650 1351 1697 Catule,—dicam
1367 1652 1476 1690 enim

271 1729 353 1754 non
367 1726 558 1753 reverens
578 1710 815 1750 assentandi
834 1710 1366 1760 suspicionem—neminem
1385 1720 1474 1746 esse

272 1778 477 1812 oratorem
491 1769 613 1822 paulo
633 1768 894 1807 illustriorem
914 1766 1102 1812 arbitror,
1120 1778 1256 1817 neque
1273 1765 1476 1804 Graecum

273 1843 407 1882 neque
422 1828 633 1873 Latinum,
651 1839 775 1879 quem
794 1829 908 1864 aetas
927 1829 1066 1862 nostra
1083 1822 1240 1869 tulerit,
1253 1836 1378 1875 quem
1394 1835 1476 1861 non

273 1893 317 1926 et
337 1899 461 1937 saepe
478 1890 521 1924 et
541 1884 762 1936 diligenter
777 1882 988 1920 audierim.
1030 1880 1179 1931 Itaque
1194 1882 1227 1918 si
1242 1878 1342 1931 quid
1357 1884 1421 1918 est
1434 1881 1477 1917 in

272 1942 503 1995 me-quod
524 1944 605 1980 iam
627 1953 792 1992 sperare
814 1939 966 1984 videor,
990 1940 1183 1989 quoniam
1204 1936 1373 1988 quidem
1393 1949 1478 1982 vos,

414 2032 432 2051 ⁰
453 2029 510 2063 220.
527 2027 697 2066 inventio,
712 2036 754 2060 or
769 2025 830 2059 the
845 2025 1031 2067 discovery
1045 2022 1086 2057 of
1098 2022 1195 2057 what
1209 2026 1246 2057 to
1260 2032 1338 2066 say.

272 2089 348 2125 284
