1560 2294
756 102 961 143 CICERO

250 210 361 247 enim
395 205 586 247 tabulas.’
659 207 726 246 De
762 220 844 260 quo
885 221 1039 260 genere
1079 213 1170 248 toto
1206 208 1328 261 paulo
1364 214 1462 250 ante

250 274 347 312 dixi.

169 350 232 385 174
301 338 413 377 XLI.
443 338 573 384 Haec,
592 343 642 377 ut
659 338 897 377 brevissime
917 338 996 377 dici
1014 344 1255 391 potuerunt,
1273 342 1335 380 ita
1352 354 1378 380 a
1394 354 1463 381 me

249 405 361 443 dicta
380 410 489 443 sunt.
548 403 609 443 Ut
625 406 734 442 enim
756 406 789 442 si
810 417 954 442 aurum
971 407 1050 451 eui,
1066 405 1177 457 quod
1198 411 1308 445 esset
1326 406 1464 446 multi-

247 469 394 508 fariam
428 469 651 515 defossum,
686 475 1007 509 commonstrare
1042 470 1205 517 vellem,
1239 474 1338 511 satis
1373 485 1463 512 esse

248 536 436 582 deberet,
452 538 485 574 si
500 538 618 588 signa
633 541 677 574 et
692 541 811 574 notas
827 536 1091 575 ostenderem
1104 536 1300 584 locorum,
1315 538 1462 590 quibus

247 604 422 654 cognitis
445 604 533 653 ipse
557 602 633 640 sibi
662 600 826 640 foderet
849 607 894 640 et
917 602 973 647 id,
997 602 1108 654 quod
1131 602 1271 649 vellet,
1293 603 1462 655 parvulo

246 667 402 714 labore,
420 667 532 705 nullo
552 680 702 713 errore,
720 669 924 706 inveniret
940 681 949 706 ε
982 670 1038 706 sic
1055 667 1129 706 has
1149 681 1226 721 ego
1245 682 1462 722 argumen-

250 739 387 772 torum
414 735 508 772 novi
534 738 670 779 notas,
693 746 799 785 quae
825 733 894 773 illa
918 733 1018 772 mihi
1046 736 1265 786 quaerenti
1293 734 1463 774 demon-

250 805 398 846 strant,
414 799 485 838 ubi
501 801 605 845 sint3
630 798 789 850 reliqua
804 812 901 837 cura
916 804 961 838 et
980 802 1232 851 cogitatione
1248 805 1460 842 eruuntur.

167 877 230 911 175
250 864 373 913 Quod
391 870 534 903 autem
554 869 893 916 argumentorum
916 878 1048 917 genus
1070 868 1218 917 cuique
1246 879 1460 906 causarum

250 933 394 982 generi
423 933 604 968 maxime
634 932 867 976 conveniat,
896 944 979 969 non
1008 935 1073 969 est
1101 933 1200 969 artis
1230 934 1459 984 exquisitae

251 996 543 1048 praescribere,
585 995 659 1034 sed
700 1001 764 1034 est
808 996 1023 1034 mediocris
1067 999 1222 1049 ingenii
1266 997 1459 1039 iudicare.

250 1062 398 1114 Neque
435 1064 545 1100 enim
583 1075 692 1100 nunc
729 1061 773 1100 id
815 1064 989 1114 agimus,
1026 1067 1074 1100 ut
1111 1067 1244 1102 artem
1280 1062 1459 1115 aliquam

248 1127 411 1166 dicendi
448 1127 714 1178 explicemus,
752 1127 824 1165 sed
862 1132 910 1166 ut
948 1127 1191 1166 doctissimis
1227 1127 1459 1168 hominibus

247 1206 343 1231 usus
372 1195 501 1231 nostri
529 1195 646 1244 quasi
677 1193 883 1244 quaedam
915 1195 1074 1232 monita
1104 1193 1328 1232 tradamus.
1383 1194 1459 1234 His

246 1261 374 1311 igitur
391 1258 489 1297 locis
504 1260 547 1296 in
566 1263 709 1296 mente
726 1263 771 1296 et
790 1261 1042 1310 cogitatione
1062 1258 1208 1298 defixis
1223 1265 1268 1298 et
1286 1262 1329 1298 in
1348 1263 1458 1299 omni

247 1337 292 1362 re
330 1324 384 1362 ad
424 1323 645 1362 dicendum
680 1326 816 1375 posita
852 1326 1057 1370 excitatis,
1089 1324 1190 1363 nihil
1229 1327 1309 1364 erit
1347 1326 1459 1378 quod

248 1395 454 1428 oratorem
495 1388 677 1442 effugere
710 1391 855 1441 possit,
886 1403 968 1428 non
1001 1390 1124 1429 modo
1154 1392 1197 1428 in
1229 1389 1459 1431 forensibus

248 1456 631 1506 disceptationibus,
650 1455 724 1493 sed
747 1458 913 1494 omnino
937 1458 979 1493 in
1003 1455 1084 1494 ullo
1104 1469 1258 1508 genere
1281 1456 1456 1497 dicendi.

167 1530 230 1563 176
248 1521 289 1559 Si
305 1534 401 1560 vero
417 1526 675 1573 assequetur,
691 1526 739 1559 ut
759 1521 854 1559 talis
871 1521 1074 1567 videatur,
1090 1521 1255 1574 qualem
1270 1535 1314 1561 se
1330 1523 1458 1562 videri

249 1586 362 1633 velit,
390 1592 435 1625 et
464 1589 620 1625 animos
648 1600 790 1625 eorum
813 1589 873 1625 ita
900 1587 1063 1632 afficiat,
1089 1587 1200 1638 apud
1223 1601 1324 1640 quos
1345 1594 1457 1641 aget,

247 1658 295 1691 ut
333 1665 417 1698 eos,
455 1665 716 1704 quocumque
754 1651 868 1698 velit,
906 1651 970 1691 vel
1008 1652 1173 1691 trahere
1210 1652 1276 1692 vel
1312 1667 1457 1706 rapere

247 1720 390 1769 possit,
406 1717 506 1756 nihil
520 1716 707 1769 profecto
722 1723 941 1769 praeterea
957 1718 1010 1757 ad
1024 1718 1245 1757 dicendum
1259 1722 1455 1771 requiret.

301 1784 388 1822 Iam
415 1783 515 1822 illud
541 1783 725 1822 videmus
747 1796 1009 1835 nequaquam
1031 1787 1130 1822 satis
1153 1797 1257 1830 esse,
1278 1787 1456 1837 reperire

167 1867 226 1899 177
248 1849 347 1901 quid
362 1849 486 1895 dicas,
498 1851 574 1887 nisi
590 1849 632 1887 id
644 1851 857 1887 inventum
873 1854 1051 1888 tractare
1066 1852 1206 1901 possis.
1249 1849 1456 1890 Tractatio

248 1920 389 1954 autem
414 1917 526 1953 varia
549 1928 637 1953 esse
661 1914 803 1961 debet,
822 1928 875 1953 ne
896 1920 969 1953 aut
991 1921 1210 1967 cognoscat
1231 1921 1363 1954 artem
1386 1919 1456 1968 qui

247 1980 388 2019 audiat
401 1986 474 2019 aut
486 1979 740 2032 defatigetur
752 1980 1025 2019 similitudinis
1038 1983 1247 2021 satietate.
1282 1980 1454 2033 Proponi

246 2072 323 2106 322
