1560 2294
788 134 993 174 CICERO

201 246 269 280 365
337 240 424 280 XC.
453 241 559 279 Tum
578 239 646 278 ille
666 253 675 278 ε
714 238 775 278 Ut
797 240 859 277 ita
879 240 961 277 ista
981 249 1071 276 esse
1090 235 1328 282 concedam,
1346 235 1496 287 inquit,

287 313 457 358 Antoni,
486 324 593 364 quae
623 315 720 349 sunt
751 309 874 362 longe
903 321 1034 354 secus,
1065 307 1165 360 quid
1195 305 1295 345 mihi
1325 305 1497 345 tandem

286 383 408 422 hodie
425 388 498 421 aut
513 384 705 434 cuiquam
719 380 874 419 homini
895 379 1006 431 quod
1020 378 1100 418 dici
1118 379 1248 430 possit
1261 376 1463 429 reliquisti
1479 375 1497 414 ἲ

287 455 435 493 Dicam
458 456 568 492 enim
590 466 702 499 vere,
725 453 956 490 amicissimi
978 450 1180 496 homines,
1202 447 1315 501 quod
1335 449 1470 487 sentio
1488 459 1498 486 z

286 538 411 577 saepe
437 538 517 577 ego
541 524 684 563 doctos
708 522 909 568 homines,
935 521 1035 574 quid
1059 520 1150 559 dico
1175 518 1335 571 saepe?
1374 521 1499 557 immo

287 609 598 648 nonnunquam,
633 607 758 646 saepe
797 596 908 632 enim
941 595 1012 644 qui
1048 593 1180 643 potui,
1210 593 1281 643 qui
1318 602 1422 642 puer
1457 591 1500 627 in

289 667 423 706 forum
455 668 639 706 venerim
672 678 809 717 neque
842 663 938 702 inde
973 676 1156 715 unquam
1188 661 1342 701 diutius
1376 673 1501 712 quam

289 744 484 791 quaestor
506 736 709 775 abfuerim
727 737 743 774 ?
781 735 855 774 sed
876 741 1019 774 tamen
1041 733 1192 780 audivi,
1214 738 1263 772 ut
1283 731 1372 771 heri
1394 731 1502 770 dice-

289 811 399 856 bam,
423 815 468 848 et
494 808 671 847 Athenis
698 821 791 846 cum
818 819 951 845 essem
977 805 1233 844 doctissimos
1258 805 1364 842 viros
1391 807 1436 842 et
1458 804 1502 840 in

289 881 389 920 Asia
420 883 547 919 istum
583 881 718 930 ipsum
752 877 963 929 Scepsium
999 875 1286 914 Metrodorum
1318 887 1412 913 cum
1449 872 1502 912 de

288 952 350 990 his
365 954 462 1003 ipsis
477 951 600 989 rebus
615 949 848 1001 disputaret
867 961 878 995 ;
906 960 1043 999 neque
1059 960 1155 986 vero
1170 945 1270 985 mihi
1285 947 1502 998 quisquam

288 1025 488 1075 copiosius
519 1034 703 1072 unquam
733 1023 841 1059 visus
872 1024 938 1058 est
966 1031 1103 1070 neque
1134 1017 1323 1056 subtilius
1353 1018 1397 1054 in
1425 1014 1502 1054 hoc

289 1106 442 1146 genere
463 1091 626 1132 dicendi
646 1105 772 1144 quam
790 1093 870 1129 iste
890 1089 1012 1128 hodie
1034 1102 1123 1128 esse
1143 1093 1329 1127 versatus
1349 1100 1359 1126 ε
1392 1085 1503 1138 quod

288 1167 322 1203 si
339 1170 449 1203 esset
462 1163 582 1201 aliter
594 1168 639 1201 et
654 1161 808 1214 aliquid
823 1160 1111 1212 intellegerem
1123 1160 1176 1198 ab
1192 1159 1374 1197 Antonio
1386 1170 1503 1209 prae·

288 1237 539 1280 ten-missum,
567 1246 650 1272 non
679 1245 813 1271 essem
840 1237 928 1270 tam
955 1231 1179 1269 inurbanus
1209 1235 1254 1269 et
1280 1241 1415 1281 paene
1442 1230 1502 1267 in-

288 1305 491 1345 humanus
511 1307 614 1343 utin
631 1317 680 1343 eo
693 1316 887 1356 gravarer
905 1302 1017 1354 quod
1032 1314 1101 1340 vos
1121 1313 1271 1352 cupere
1291 1302 1501 1339 sentirem.

203 1377 270 1411 366
339 1377 445 1415 Tum
464 1375 664 1427 Sulpicius
681 1389 689 1414 :
728 1374 796 1413 An
811 1387 924 1426 ergo,
938 1375 1087 1425 inquit,
1102 1371 1253 1411 oblitus
1269 1384 1328 1418 es,
1343 1370 1502 1418 Crasse,

289 1448 518 1487 Antonium
548 1449 608 1485 ita
636 1448 837 1498 partitum
867 1457 956 1483 esse
989 1449 1130 1483 tecum
1158 1448 1206 1481 ut
1238 1444 1326 1494 ipse
1354 1444 1502 1480 instru-

289 1524 478 1557 mentum
506 1519 678 1556 oratoris
706 1520 948 1567 exponeret,
977 1515 1054 1554 tibi
1084 1516 1170 1554 eius
1197 1513 1502 1552 distinctionem

290 1595 417 1642 atque
437 1594 629 1628 ornatum
647 1587 901 1639 relinqueret
918 1586 934 1625 ?

345 1661 423 1699 Hic
451 1659 544 1698 ille:
583 1658 766 1697 Primum
795 1660 885 1710 quis
914 1657 1097 1696 Antonio
1125 1657 1326 1708 permisit,
1353 1656 1502 1707 inquit,

290 1737 338 1771 ut
376 1737 421 1770 et
461 1736 600 1782 partes
642 1729 801 1768 faceret
842 1733 887 1767 et
928 1733 1065 1766 utram
1106 1726 1232 1766 vellet
1266 1728 1377 1779 prior
1414 1728 1501 1777 ipse

290 1802 503 1841 sumeret?
561 1800 739 1846 Deinde,
763 1802 796 1838 si
820 1812 898 1852 ego
920 1803 1034 1837 recte
1057 1797 1245 1837 intellexi
1266 1810 1360 1836 cum
1383 1795 1501 1835 valde

290 1873 468 1912 libenter
488 1871 687 1917 audirem,
702 1869 802 1909 mihi
822 1872 1038 1908 coniuncte
1055 1874 1120 1908 est
1134 1870 1242 1907 visus
1257 1866 1310 1907 de
1325 1872 1501 1920 utraque

291 1957 335 1982 re
355 1943 504 1982 dicere.

347 2014 421 2053 Ille
452 2027 562 2061 vero,
589 2014 723 2066 inquit
762 2011 900 2059 Cotta,
928 2015 1172 2050 ornamenta
1199 2011 1393 2049 orationis
1420 2020 1501 2048 non

291 2097 368 2133 4⁷6
