1560 2294
738 122 943 162 CICERO

233 240 302 265 me
339 231 429 265 tum
460 232 557 266 sunt
593 226 750 273 habita,
781 229 814 266 si
851 227 966 266 dolor
996 226 1167 267 afuisset
1203 241 1334 275 meus,
1363 241 1447 267 non

233 280 356 319 modo
389 295 472 319 non
505 281 760 328 miserabilis,
794 281 868 320 sed
902 284 1029 320 etiam
1061 282 1268 321 irridenda
1299 281 1447 322 fuisset

234 338 365 374 oratio
390 349 496 374 mea.
553 335 689 384 Quam
718 337 771 375 ob
796 350 884 375 rem
913 335 990 375 hoc
1016 350 1086 375 vos
1115 337 1257 384 doceo,
1281 336 1446 389 Sulpici,

233 390 364 428 bonus
393 403 471 442 ego
500 390 692 429 videlicet
721 396 847 442 atque
877 391 1062 429 eruditus
1089 394 1301 443 magister,
1328 397 1378 431 ut
1403 394 1447 430 in

236 444 410 483 dicendo
429 447 560 490 irasci,
579 450 627 483 ut
646 444 798 491 dolere,
818 451 866 483 ut
884 444 982 484 flere
1001 448 1176 497 possitis.

151 503 214 538 197
286 498 534 551 Quanquam
564 504 608 538 te
639 499 807 551 quidem
838 500 937 551 quid
973 499 1051 538 hoc
1081 500 1266 546 doceam,
1296 501 1367 552 qui
1402 501 1446 538 in

235 553 462 592 accusando
476 553 604 592 sodali
620 559 664 592 et
683 559 901 606 quaestore
921 568 1015 594 meo
1028 560 1194 594 tantum
1211 554 1446 593 incendium

234 621 316 646 non
331 611 516 646 oratione
529 608 674 654 solum,
687 608 761 647 sed
775 611 901 648 etiam
913 609 1044 647 multo
1056 611 1188 661 magis
1199 612 1239 647 vi
1252 614 1296 648 et
1307 608 1445 648 dolore

234 668 279 700 et
305 663 449 701 ardore
470 665 594 701 animi
617 665 856 709 concitaras,
877 669 924 702 ut
948 677 1026 716 ego
1050 663 1103 702 ad
1124 663 1168 702 id
1189 666 1447 716 restinguen-

232 717 332 755 dum
367 719 435 755 vix
473 730 643 755 conarer
676 717 902 756 accedere?
964 718 1180 756 Habueras
1214 721 1324 756 enim
1356 723 1448 757 tum

231 773 369 809 omnia
411 774 454 809 in
496 785 619 810 causa
661 774 898 823 superiora:
957 774 1052 818 vim,
1094 771 1252 824 fugam,
1293 771 1448 824 lapida-

233 828 404 871 tionem,
428 826 718 865 crudelitatem
741 827 1002 865 tribuniciam
1024 829 1067 865 in
1095 826 1312 878 Caepionis
1334 828 1448 879 gravi

232 880 536 932 miserabilique
580 894 691 927 casu,
728 883 771 918 in
810 881 1004 919 iudicium
1043 882 1245 927 vocabas;
1297 881 1447 920 deinde

233 937 460 986 principem
474 940 518 973 et
534 940 702 973 senatus
716 940 760 974 et
774 937 966 981 civitatis,
985 935 1045 974 M.
1063 935 1300 982 Aemilium,
1311 935 1447 987 lapide

234 1002 472 1040 percussum
504 1002 593 1028 esse
624 990 870 1036 constabat3
922 992 961 1028 vi
999 989 1162 1042 pulsum
1200 1003 1253 1029 ex
1290 989 1447 1042 templo

236 1043 283 1081 L.
314 1043 495 1089 Cottam,
526 1049 569 1082 et
597 1043 642 1082 T.
674 1044 858 1090 Didium,
886 1057 980 1083 cum
1007 1044 1266 1084 intercedere
1293 1044 1447 1084 vellent

235 1101 452 1149 rogationi,
472 1111 594 1136 nemo
613 1104 779 1149 poterat
797 1112 964 1151 negare.

151 1151 215 1187 198
286 1152 481 1191 XLVIII.
511 1153 765 1198 Accedebat,
799 1158 847 1191 ut
885 1152 987 1192 haec
1021 1158 1069 1191 tu
1104 1152 1340 1192 adolescens
1373 1166 1447 1205 pro

233 1219 279 1245 re
298 1206 462 1258 publica
482 1209 598 1258 queri
621 1220 781 1245 summa
800 1221 893 1245 cum
913 1207 1118 1259 dignitate
1139 1210 1447 1254 existimarere3

235 1274 329 1312 ego,
347 1261 470 1299 homo
497 1264 717 1307 censorius,
737 1264 804 1300 vix
831 1264 930 1300 satis
956 1261 1130 1300 honeste
1156 1261 1317 1301 viderer
1341 1262 1447 1301 sedi-

234 1318 386 1354 tiosum
421 1317 552 1354 civem
588 1321 633 1355 et
667 1318 709 1354 in
744 1315 918 1354 hominis
953 1315 1174 1355 consularis
1209 1315 1446 1355 calamitate

235 1369 444 1408 crudelem
494 1383 614 1422 posse
667 1369 905 1409 defendere.
960 1371 1092 1409 Erant
1142 1373 1287 1422 optimi
1338 1373 1446 1410 cives

234 1424 405 1471 iudices,
423 1424 624 1463 bonorum
644 1427 821 1464 virorum
839 1425 1008 1477 plenum
1026 1424 1175 1471 forum,
1193 1427 1261 1464 vix
1280 1430 1329 1464 ut
1345 1424 1444 1464 mihi

234 1481 371 1517 tenuis
408 1479 614 1531 quaedam
650 1482 770 1518 venia
806 1479 975 1518 daretur
1011 1482 1299 1526 excusationis,
1335 1479 1446 1531 quod

234 1539 377 1572 tamen
406 1547 501 1572 eum
529 1533 812 1580 defenderem,
840 1537 910 1586 qui
937 1533 1036 1572 mihi
1065 1539 1260 1586 quaestor
1285 1532 1443 1573 fuisset.

235 1587 313 1626 Hic
339 1601 416 1640 ego
442 1588 541 1640 quid
565 1588 699 1627 dicam
723 1602 790 1627 me
816 1594 949 1627 artem
974 1588 1152 1641 aliquam
1177 1588 1445 1628 adhibuisse?

281 1741 296 1756 ‘⁸
321 1736 346 1768 i.
349 1746 377 1769 e.
395 1734 508 1770 Gaius
528 1735 734 1775 Norbanus,
753 1736 832 1770 who
849 1735 921 1770 had
943 1735 1035 1770 been
1051 1735 1242 1770 Antonius’
1244 1747 1262 1770 s
1302 1739 1444 1770 uaestor

233 1780 270 1812 in
303 1781 367 1813 103
393 1790 425 1813 a.
428 1790 458 1813 c.
488 1779 548 1822 (σί.
579 1779 683 1813 Book
714 1760 764 1819 ΙΙ,
795 1782 830 1819 §5
858 1779 1151 1823 89,107‚124).
1199 1779 1245 1821 Q.
1301 1779 1442 1814 ervilius

234 1822 379 1866 Caepio,
400 1833 440 1856 as
464 1823 653 1866 proconsul
677 1824 712 1857 in
737 1823 844 1862 Gaul,
864 1804 936 1857 ha⁹d
959 1823 1050 1857 been
1071 1823 1134 1857 the
1156 1824 1254 1856 main
1276 1833 1382 1858 cause
1404 1824 1447 1858 of

234 1867 294 1900 the
316 1866 487 1910 crushing
507 1866 627 1901 defeat
645 1867 801 1901 inflicted
822 1878 872 1910 up
874 1878 921 1900 on
943 1867 1005 1901 the
1029 1867 1171 1901 Roman
1194 1878 1298 1910 army
1314 1867 1365 1910 by
1380 1867 1441 1901 the

234 1910 371 1944 Cimbri
400 1913 438 1944 at
472 1911 637 1945 Arausio.
688 1911 802 1955 Being
829 1878 1086 1954 subsequently
1119 1909 1330 1954 prosecuted
1367 1910 1440 1945 and

234 1954 457 1988 condemned
484 1955 540 1988 for
564 1954 619 1988 his
641 1957 782 1988 treason
806 1954 879 1988 and
907 1954 1212 1988 embezzlement
1203 1965 1240 1988 ιη
1263 1953 1371 1994 Gaul,
1395 1954 1439 1989 he

234 2009 307 2031 was
331 1997 455 2031 exiled.
506 1998 700 2032 Norbanus
724 1997 795 2032 had
820 1998 910 2032 been
934 1999 1048 2032 active
1071 1999 1107 2031 in
1128 1998 1189 2032 the
1234 1997 1441 2042 roceedings

234 2043 377 2084 against
399 2042 486 2081 him,
509 2042 582 2075 and
605 2042 676 2076 this
702 2041 759 2076 led
779 2045 817 2075 to
843 2042 904 2075 the
930 2043 1156 2085 prosecution
1182 2008 1282 2076 οἷΝ
1248 2041 1441 2077 Norbanus

234 2098 312 2132 340
