1560 2294
779 136 984 176 CICERO

275 241 447 294 publicis
482 247 527 280 et
559 241 612 280 de
641 241 735 294 lege
764 240 916 280 Thoria
943 246 988 280 et
1014 245 1276 293 premeretur
1305 239 1485 279 Lucilius

276 319 329 358 ab
363 321 421 357 eis
452 321 523 370 qui
564 332 589 357 a
625 331 774 370 pecore
814 320 901 357 eius
937 317 1103 369 depasci
1142 330 1260 370 agros
1299 315 1484 368 publicos

276 395 475 442 dicerent,
509 395 518 409 ⁸
539 395 632 433 Non
675 394 768 441 est,'
799 396 949 446 inquit,
983 394 993 409 ‘
1011 394 1156 433 Lucilii
1195 407 1321 446 pecus
1355 393 1485 439 illud;

276 475 421 512 erratis
440 472 450 486 '
463 496 516 501 —
530 471 756 511 defendere
817 471 1019 510 Lucilium
1076 471 1295 510 videbatur
1308 493 1365 500 —
1377 470 1388 486 ‘
1406 483 1485 523 ego

191 560 258 593 285
274 549 450 589 liberum
485 555 588 601 puto
631 562 750 588 esse:
804 562 887 600 qua
926 548 1031 587 libet
1067 547 1276 600 pascitur.’
1343 546 1486 586 Placet

276 629 403 666 etiam
429 626 529 665 mihi
555 626 656 665 illud
685 625 882 678 Scipionis
908 625 1014 664 illius
1042 628 1113 678 qui
1140 625 1230 665 Tib.
1256 624 1486 664 Gracchum

274 703 478 756 perculit:
511 718 605 743 cum
632 706 670 742 ei
697 702 759 741 M.
779 703 947 742 Flaccus
973 702 1113 742 multis
1130 703 1288 755 probris
1314 702 1485 742 obiectis

275 780 320 819 P.
341 781 528 820 Mucium
544 781 722 819 iudicem
737 780 915 826 tulisset,
931 778 940 793 ⁴
960 779 1114 826 Eiero,'
1129 782 1279 832 inquit,
1296 779 1306 794 ‘
1322 782 1485 832 iniquus

276 863 342 897 est
359 857 367 871 ’
387 871 398 905 ;
449 872 543 897 cum
591 863 702 897 esset
752 857 1121 903 admurmuratum,
1172 856 1182 871 ‘
1200 855 1298 904 Ah:
1337 859 1486 909 inquit,

277 935 287 950 ‘
302 935 347 973 P.
375 934 437 982 C.‚
465 948 549 974 non
583 948 661 987 ego
694 933 795 973 mihi
828 934 944 973 illum
974 936 1161 986 iniquum
1191 937 1315 980 ciero,
1343 947 1486 973 verum

275 1010 493 1052 omnibus.’
547 1012 615 1050 Ab
640 1011 718 1050 hoc
743 1025 840 1050 vero
867 1010 1012 1050 Crasso
1035 1010 1136 1049 nihil
1161 1010 1336 1050 facetius
1355 1024 1365 1050 :
1392 1024 1486 1050 cum

274 1089 461 1128 laesisset
476 1091 595 1127 testis
616 1088 720 1127 Silus
741 1087 932 1127 Pisonem
952 1088 1063 1140 quod
1082 1102 1126 1127 se
1145 1090 1189 1127 in
1208 1101 1304 1127 eum
1324 1088 1485 1128 audisse

275 1166 461 1212 dixisset,
491 1165 499 1180 ‘
520 1165 664 1204 Potest
694 1165 811 1212 fieri‚’
833 1168 982 1217 inquit,
1014 1165 1022 1179 ‘
1040 1164 1136 1212 Sile,
1164 1171 1212 1204 ut
1239 1168 1273 1204 is
1301 1165 1412 1205 unde
1439 1171 1485 1205 te

275 1243 437 1282 audisse
457 1243 571 1288 dicis,
591 1245 719 1281 iratus
743 1241 923 1281 dixerit.’
971 1242 1132 1281 Annuit
1149 1241 1267 1281 Silus.
1315 1242 1324 1256 ⁴
1340 1241 1486 1282 Potest

275 1323 417 1367 etiam,
437 1325 485 1359 ut
504 1325 552 1359 tu
572 1333 655 1358 non
674 1325 788 1358 recte
808 1318 1090 1359 intellexeris!
1146 1319 1196 1358 Id
1212 1333 1377 1372 quoque
1393 1325 1484 1359 toto

274 1400 411 1449 capite
442 1399 601 1442 annuit,
631 1402 679 1435 ut
708 1410 753 1435 se
785 1396 930 1435 Crasso
959 1396 1091 1435 daret.
1147 1395 1157 1410 ‘
1177 1395 1322 1436 Potest
1358 1399 1485 1436 etiam

275 1474 392 1521 fieri,’
411 1476 560 1526 inquit,
578 1473 586 1487 ‘
606 1479 654 1512 ut
673 1475 853 1520 omnino,
874 1473 986 1526 quod
1004 1479 1049 1512 te
1069 1473 1231 1512 audisse
1252 1473 1366 1520 dicis,
1382 1487 1485 1513 nun-

275 1565 400 1604 quam
438 1549 643 1590 audieris,'
702 1550 793 1589 Hoc
830 1553 891 1589 ita
926 1556 1094 1602 praeter
1131 1553 1486 1603 exspectationem

276 1628 425 1667 accidit
457 1633 505 1667 ut
537 1633 692 1666 testem
725 1629 908 1666 omnium
939 1630 1043 1666 risus
1076 1628 1282 1667 obrueret.
1354 1628 1486 1667 Huius

276 1708 438 1758 generis
459 1710 524 1744 est
542 1704 688 1756 plenus
716 1704 884 1750 Novius,
915 1707 1028 1743 cuius
1056 1707 1167 1743 iocus
1194 1710 1259 1743 est
1278 1703 1487 1744 familiaris

277 1783 286 1796 ⁴
305 1782 476 1834 Sapiens
495 1784 528 1820 si
548 1781 719 1833 algebis,
738 1780 920 1819 tremes.'
975 1781 1031 1819 Et
1050 1780 1129 1819 alia
1147 1781 1365 1832 permulta.

192 1868 259 1901 286
330 1858 479 1897 LXXI.
510 1857 643 1909 Saepe
666 1861 793 1896 etiam
814 1857 950 1896 facete
972 1858 1172 1896 concedas
1194 1858 1425 1898 adversario
1445 1859 1487 1898 id

565 2043 582 2061 ⁶
607 2038 842 2082 Presumably
858 2038 919 2072 the
935 2042 1030 2082 poet,
1047 2038 1094 2082 cf.
1111 2042 1128 2079 S
1144 2041 1201 2074 25.

274 2097 353 2131 414
