1560 2294
759 85 964 126 CICERO

254 196 370 230 turus
389 203 400 237 ;
438 189 631 242 equidem
653 203 736 228 non
759 190 973 237 dubitabo,
996 191 1107 243 quod
1129 193 1277 239 sentio,
1300 192 1466 234 dicer-ez

253 261 423 315 physica
439 264 519 300 ista
535 264 638 313 ipsa,
656 267 700 300 et
715 261 1025 308 mathematica,
1043 268 1087 301 et
1104 276 1211 315 quae
1227 263 1350 315 paulo
1367 269 1466 304 ante

253 339 486 372 ceterarum
524 335 675 371 artium
710 335 875 384 propria
910 336 1097 385 posuisti,
1134 336 1331 374 scientiae
1368 341 1466 376 sunt

254 418 410 451 eorum,
447 406 518 456 qui
554 403 624 442 illa
660 404 921 455 profitentur,
955 404 1159 444 illustrare
1197 411 1339 445 autem
1375 420 1465 446 ora-

253 478 367 514 tione
398 478 432 514 si
462 477 553 527 quis
583 474 683 514 is'tas
713 477 822 527 ipsas
853 481 963 514 artes
995 475 1109 522 velit,
1140 476 1194 516 ad
1223 480 1394 516 oratoris
1425 481 1464 517 ei

190 555 235 589 62
253 546 574 599 confugiendum
598 552 663 585 est
684 545 941 585 facultatem.
997 547 1144 599 Neque
1168 550 1292 595 enim,
1314 551 1348 587 si
1371 548 1466 588 Phi-

252 619 390 657 lonem
418 618 533 656 illum
563 617 849 664 architectum,
879 621 949 670 qui
979 618 1302 659 Atheniensibus
1333 633 1463 660 arma-

252 692 502 729 mentarium
518 688 633 735 fecit,
651 694 828 735 constat,
845 689 1074 741 perdiserte
1092 691 1243 743 populo
1261 694 1464 732 rationem

253 764 386 813 operis
419 763 481 800 sui
512 760 753 807 reddidisse,
786 761 1106 800 existimandum
1139 768 1217 809 est,
1249 762 1463 803 architecti

252 835 389 884 potius
407 832 577 871 artificio
595 832 808 878 disertum,
825 846 951 884 quam
967 835 1153 880 oratoris,
1168 832 1307 873 fuisse.
1362 834 1464 882 Nec,

252 907 285 942 si
297 903 392 943 huic
407 904 466 942 M.
482 904 664 942 Antonio
677 917 750 955 pro
764 903 1021 943 Hermodoro
1033 903 1180 944 fuisset
1192 905 1244 944 de
1257 906 1462 945 navalium

251 989 376 1027 opere
397 975 630 1021 dicendum,
650 989 747 1021 non,
766 989 859 1013 cum
883 976 936 1014 ab
958 975 1026 1014 illo
1052 989 1217 1015 causam
1240 977 1464 1025 didicisset,

250 1049 338 1099 ipse
370 1052 515 1086 ornate
547 1046 600 1085 de
632 1046 765 1085 alieno
797 1047 968 1085 artificio
999 1049 1245 1100 copioseque
1276 1048 1460 1089 dixisset.

251 1118 398 1170 Neque
416 1131 512 1156 vero
531 1117 796 1169 Asclepiades
814 1120 862 1164 is,
880 1131 962 1170 quo
980 1132 1053 1157 nos
1070 1119 1230 1158 medico
1249 1123 1462 1173 amicoque

250 1191 312 1228 usi
349 1202 503 1235 sumus,
534 1195 639 1235 tum,
667 1202 761 1227 cum
799 1189 1037 1242 eloquentia
1074 1191 1265 1230 vincebat
1301 1197 1461 1231 ceteros

248 1261 442 1307 medicos,
465 1263 508 1298 in
531 1273 580 1299 eo
602 1262 706 1312 ipso,
729 1260 840 1313 quod
862 1266 1007 1300 ornate
1030 1261 1210 1308 dicebat,
1231 1262 1460 1303 medicinae

187 1340 230 1373 63
249 1331 449 1370 facultate
486 1332 697 1378 utebatur,
734 1345 816 1370 non
853 1332 1128 1384 eloquentiae.
1183 1333 1325 1386 Atque
1359 1334 1461 1374 illud

250 1409 314 1442 est
337 1403 601 1455 probabilius,
626 1416 762 1455 neque
787 1409 931 1442 tamen
954 1417 1111 1450 verum,
1136 1405 1248 1456 quod
1271 1404 1459 1445 Socrates

249 1475 385 1513 dicere
408 1474 583 1521 solebat,
606 1487 748 1513 omnes
771 1477 814 1512 in
837 1488 901 1521 eo,
924 1475 1036 1527 quod
1058 1478 1224 1522 scirent,
1246 1479 1346 1515 satis
1370 1490 1459 1516 esse

249 1546 520 1598 eloquentes3
566 1545 667 1584 illud
699 1548 847 1592 verius,
881 1559 1018 1598 neque
1051 1560 1302 1600 quemquam
1333 1550 1376 1587 in
1409 1561 1460 1588 eo

249 1617 449 1656 disertum
485 1630 574 1655 esse
609 1630 744 1668 posse,
779 1617 891 1669 quod
925 1620 1111 1664 nesciat3
1161 1631 1312 1670 neque,
1347 1621 1381 1658 si
1415 1619 1458 1659 id

247 1690 403 1740 optime
429 1690 546 1734 sciat,
572 1690 821 1741 ignarusque
846 1690 901 1727 sit
925 1687 1142 1728 faciundae
1169 1702 1216 1728 ac
1240 1689 1458 1741 poliendae

246 1762 455 1805 orationis,
473 1759 626 1798 diserte
643 1759 686 1798 id
702 1761 836 1811 ipsum
853 1772 987 1811 posse,
1004 1759 1057 1798 de
1075 1773 1156 1812 quo
1174 1763 1290 1806 sciat,
1307 1761 1456 1801 dicere.

184 1840 228 1873 64
298 1830 387 1868 XV.
417 1829 552 1878 Quam
573 1831 626 1869 ob
645 1843 748 1876 rem,
768 1833 801 1869 si
821 1833 910 1882 quis
931 1833 1162 1870 universam
1182 1836 1227 1870 et
1251 1835 1455 1884 propriam

245 1903 417 1940 oratoris
434 1904 515 1939 vim
534 1901 703 1940 definire
722 1901 1021 1954 complectique
1038 1902 1141 1948 vult,
1157 1905 1192 1941 is
1209 1908 1346 1942 orator
1363 1906 1456 1951 erit,

246 1986 340 2011 mea
369 1975 592 2019 sententia,
621 1972 698 2011 hoc
727 1978 814 2012 tam
843 1975 956 2025 gravi
986 1973 1134 2026 dignus
1163 1976 1342 2021 nomine,
1371 1977 1456 2027 qui,

245 2050 295 2086 46
