1560 2294
747 112 951 152 CICERO

181 228 220 261 ’Π
293 217 407 256 ΧΙΧ.
429 218 565 263 Erras,
586 216 894 268 Catule‚inquit
913 217 1143 256 Antonius:
1172 229 1269 255 nam
1289 223 1456 270 egomet

242 283 285 318 in
318 280 468 319 multos
503 283 585 319 iam
621 279 885 318 Phormiones
919 280 1054 318 incidi.
1111 279 1211 328 Quis
1247 282 1356 319 enim
1391 286 1456 319 est

243 346 413 382 istorum
448 343 712 388 Graecorum,
743 345 812 394 qui
844 356 1094 395 quemquam
1125 347 1310 381 nostrum
1341 343 1457 395 quid-

242 420 365 458 quam
389 405 631 458 intellegere
661 405 913 443 arbitretur?
967 405 1029 444 Ae
1052 404 1151 443 mihi
1180 405 1347 457 quidem
1375 420 1455 445 non

242 471 302 507 ita
327 469 489 507 molesti
514 474 639 514 sunt3
667 467 788 506 facile
813 481 954 506 omnes
979 470 1188 519 perpetior
1213 473 1257 506 et
1279 467 1455 519 perfero.

244 532 350 570 Nam
380 537 452 570 aut
482 530 636 583 aliquid
665 529 854 576 afferunt,
875 530 986 582 quod
1005 530 1104 568 mihi
1123 544 1206 569 non
1228 530 1455 582 displiceat,

245 600 317 632 aut
350 595 544 639 efficiunt,
573 599 621 632 ut
648 606 716 631 me
740 607 823 631 non
849 593 1036 631 didicisse
1065 595 1198 631 minus
1225 596 1453 645 poeniteat.

245 658 423 695 Dimitto
465 662 606 695 autem
645 669 714 694 eos
752 669 835 694 non
872 662 960 694 tam
998 656 1292 695 contumeliose
1331 670 1456 709 quam

243 719 529 771 philosophum
571 719 686 757 illum
725 718 946 764 Hannibal,
986 724 1030 757 et
1067 731 1116 757 eo
1153 717 1327 758 fortasse
1364 719 1455 771 plus

243 782 376 821 habeo
396 785 522 821 etiam
541 783 695 833 negotii
717 793 727 827 ;
760 781 834 820 sed
851 787 995 819 tamen
1013 787 1077 819 est
1096 794 1237 820 eorum
1256 781 1455 829 doctrina,

183 861 225 893 78
244 851 446 897 quantum
466 858 543 897 ego
563 844 742 883 iudicare
761 857 941 895 possum,
959 843 1216 895 perridicula.
1253 844 1454 884 Dividunt

245 911 354 946 enim
383 913 516 946 totam
545 921 633 945 rem
661 909 704 944 in
734 907 835 945 duas
864 912 1018 958 partes,
1047 909 1089 944 in
1118 920 1266 945 causae
1295 913 1455 946 contro-

244 974 431 1017 versiam,
461 976 505 1008 et
532 973 575 1008 in
604 972 868 1021 quaestionis.
910 969 1086 1008 Causam
1115 969 1339 1021 appellant,
1367 983 1455 1009 rem

243 1037 419 1085 positam
454 1036 498 1071 in
537 1033 837 1083 disceptatione
873 1045 1035 1070 reorum
1072 1037 1116 1070 et
1151 1035 1454 1079 controversia;

243 1099 528 1148 quaestionem
552 1100 707 1140 autem,
731 1108 819 1133 rem
842 1097 1020 1145 positam
1042 1097 1085 1132 in
1107 1094 1266 1133 infinita
1291 1094 1453 1134 dubita-

243 1162 368 1198 tione.
428 1159 492 1197 De
523 1171 645 1196 causa
675 1162 898 1208 praecepta
928 1157 1056 1202 dant3
1086 1157 1139 1195 de
1172 1157 1303 1195 altera
1331 1163 1451 1209 parte

181 1233 225 1268 79
243 1221 404 1260 dicendi
450 1223 598 1258 mirum
645 1219 853 1257 silentium
899 1225 975 1257 est.
1032 1219 1224 1271 Denique
1271 1223 1452 1273 quinque

242 1284 399 1322 faciunt
438 1286 553 1335 quasi
592 1283 778 1321 membra
817 1282 1093 1334 eloquentiae,
1131 1284 1314 1321 invenire
1353 1283 1452 1335 quid

243 1347 367 1393 dicas,
392 1349 562 1385 inventa
586 1345 817 1396 disponere,
843 1345 992 1383 deinde
1018 1358 1162 1383 ornare
1187 1345 1334 1391 verbis,
1358 1352 1452 1397 post

243 1412 465 1448 memoriae
485 1408 696 1453 mandare,
716 1413 807 1446 tum
827 1407 880 1446 ad
900 1413 1132 1446 extremum
1152 1421 1276 1459 agere
1296 1421 1343 1446 ac
1361 1422 1452 1460 pro—

243 1475 433 1511 nuntiare
450 1485 459 1510 :
487 1485 576 1510 rem
591 1484 689 1509 sane
705 1484 787 1509 non
806 1470 1073 1508 reconditam.
1126 1470 1226 1518 Quis
1248 1473 1357 1509 enim
1376 1470 1452 1510 hoc

242 1549 325 1574 non
343 1548 416 1573 sua
435 1539 581 1585 sponte
600 1533 762 1579 viderit,
782 1535 988 1571 neminem
1007 1546 1126 1584 posse
1145 1533 1295 1578 dicere,
1313 1536 1389 1572 nisi
1408 1539 1452 1573 et

243 1598 342 1650 quid
362 1597 532 1642 diceret,
554 1602 597 1635 et
618 1597 764 1648 quibus
787 1596 932 1641 verbis,
954 1601 998 1634 et
1018 1609 1099 1647 quo
1120 1595 1261 1634 ordine
1282 1595 1452 1643 diceret,

243 1661 430 1706 haberet,
462 1665 506 1698 et
537 1672 586 1697 ea
615 1658 903 1697 meminisset?
959 1658 1099 1710 Atque
1130 1657 1232 1696 haec
1263 1671 1340 1710 ego
1370 1672 1453 1698 non

243 1722 513 1774 reprehendo,
537 1721 611 1760 sed
634 1727 731 1760 ante
755 1721 890 1760 oculos
914 1723 1048 1772 posita
1072 1734 1161 1759 esse
1184 1721 1289 1767 dico,
1313 1726 1360 1760 ut
1382 1734 1452 1760 eas

242 1789 344 1824 item
365 1790 554 1837 quatuor,
579 1787 774 1836 quinque,
799 1797 922 1822 sexve
946 1789 1099 1835 partes,
1123 1783 1188 1822 vel
1211 1785 1338 1822 etiam
1361 1797 1451 1835 sep-

242 1855 345 1893 tem,
364 1850 557 1899 quoniam
581 1847 700 1885 aliter
726 1847 778 1884 ab
805 1846 890 1884 aliis
917 1846 1173 1897 digeruntur,
1193 1848 1236 1884 in
1260 1859 1361 1897 quas
1388 1852 1451 1885 est

179 1914 225 1948 80
243 1912 295 1949 ab
314 1910 375 1948 his
396 1912 526 1948 omnis
546 1912 676 1947 oratio
692 1909 923 1947 distributa.
983 1908 1135 1947 Iubent
1151 1911 1260 1946 enim
1276 1908 1450 1947 exordiri

243 1977 315 2018 ita,
332 1978 380 2011 ut
398 1985 507 2018 eum,
524 1974 594 2024 qui
612 1972 766 2018 audiat,
784 1970 1029 2010 benevolum
1046 1972 1162 2010 nobis
1178 1969 1389 2017 faciamus,
1407 1976 1450 2010 et

243 2085 320 2119 256
