1526 2288
787 91 993 132 CICERO

287 199 521 237 tolerabiles
545 202 727 236 oratores
750 199 1043 235 invenirentur.
1098 196 1174 243 Ac,
1197 209 1251 236 ne
1274 198 1364 249 quis
1386 195 1495 237 forte

288 274 380 299 cum
401 260 488 298 aliis
509 260 668 306 studiis,
688 272 795 311 quae
814 259 1035 298 reconditis
1054 261 1098 298 in
1117 260 1288 306 artibus,
1307 265 1435 312 atque
1452 262 1496 299 in

287 323 467 375 quadam
493 325 696 362 varietate
721 321 954 360 litterarum
979 327 1208 368 versentur,
1233 325 1365 375 magis
1390 321 1496 362 hanc

287 385 450 424 dicendi
473 388 692 431 rationem,
717 398 841 436 quam
865 398 959 423 cum
982 387 1239 436 imperatoris
1261 384 1399 431 laude,
1423 390 1496 424 aut

286 462 380 487 cum
413 449 510 486 boni
539 450 738 486 senatoris
766 447 988 499 prudentia
1015 447 1332 499 comparandam
1359 453 1496 500 putet,

286 516 502 549 convertat
521 513 703 549 animum
723 510 776 548 ad
796 523 846 548 ea
864 512 953 561 ipsa
973 512 1123 548 artium
1141 523 1310 562 genera,
1328 513 1497 549 eircum-

287 576 530 625 spiciatque,
546 575 616 625 qui
637 575 680 611 in
702 575 760 611 eis
783 571 1008 618 floruerint,
1031 585 1238 624 quamque
1259 572 1404 612 multi:
1439 575 1497 612 sic

286 635 493 682 facillime,
536 641 694 688 quanta
740 640 947 674 oratorum
990 637 1044 673 sit
1085 648 1331 687 semperque
1370 633 1498 674 fuerit

288 701 487 750 paucitas,
505 698 715 736 iudicabit.

248 769 270 802 9
341 761 419 799 III.
450 760 597 812 Neque
624 763 733 799 enim
758 765 803 799 te
827 759 950 812 fugit,
976 763 1127 798 artium
1151 762 1334 799 omnium
1357 759 1498 799 lauda-

289 829 424 862 tarum
443 826 759 875 procreatricem
791 823 1027 875 quamdam,
1059 828 1104 861 et
1134 825 1251 875 quasi
1280 828 1497 875 parentem

289 900 396 933 eam,
418 900 543 939 quam
563 886 810 936 φιλοσοφίαν
837 885 984 924 Graeci
1005 891 1167 932 vocant,
1189 886 1242 924 ab
1266 885 1498 924 hominibus

289 1018 391 1064 quot
414 1015 502 1058 viri,
527 1017 684 1064 quanta
708 1013 893 1057 scientia,
918 1017 1157 1063 quantaque
1180 1014 1223 1049 in
1246 1013 1328 1050 suis
1352 1011 1498 1050 studiis

288 1078 490 1114 varietate
525 1080 570 1113 et
602 1077 720 1126 copia
751 1073 920 1120 fuerint,
949 1076 1020 1126 qui
1052 1087 1135 1112 non
1167 1087 1250 1112 una
1282 1073 1419 1126 aliqua
1455 1076 1499 1112 in

287 1151 332 1176 re
371 1140 594 1189 separatim
628 1137 890 1182 elaborarint,
923 1136 998 1175 sed
1029 1139 1181 1183 omnia,
1213 1149 1499 1189 quaecumque

288 1206 470 1252 possent,
490 1199 556 1239 vel
578 1202 775 1238 scientiae
798 1202 1162 1252 pervestigatione,
1185 1198 1252 1238 vel
1273 1198 1499 1238 disserendi

228 1272 270 1304 10
290 1266 464 1309 ratione,
508 1262 908 1314 comprehenderint.
977 1261 1079 1310 Quis
1119 1264 1297 1314 ignorat,
1334 1264 1388 1308 ei,
1428 1263 1499 1314 qui

290 1325 573 1364 mathematici
597 1330 808 1371 vocantur,
831 1330 988 1376 quanta
1009 1327 1052 1363 in
1075 1325 1326 1363 obscuritate
1347 1337 1499 1371 rerum,

291 1394 336 1427 et
364 1401 489 1440 quam
517 1387 730 1426 recondita
757 1390 800 1425 in
829 1393 933 1433 arte,
963 1392 1007 1425 et
1034 1386 1246 1438 multiplici
1276 1386 1499 1438 subtilique

291 1450 539 1489 versentur?
580 1463 661 1502 quo
686 1455 829 1488 tamen
853 1452 896 1488 in
919 1462 1073 1501 genere
1097 1452 1158 1488 ita
1181 1448 1301 1488 multi
1324 1447 1498 1500 perfecti

292 1512 477 1552 homines
521 1515 786 1559 exstiterunt,
828 1517 877 1550 ut
918 1525 1040 1550 nemo
1081 1510 1170 1550 fere
1212 1510 1417 1550 studuisse
1459 1513 1497 1550 ei

289 1578 486 1614 scientiae
510 1574 795 1614 vehementius
817 1574 1019 1620 videatur,
1043 1576 1156 1626 quin,
1178 1573 1289 1626 quod
1310 1573 1499 1621 voluerit,

290 1643 532 1676 consecutus
559 1640 625 1676 sit.
680 1637 781 1685 Quis
801 1639 977 1682 musicis,
997 1639 1087 1688 quis
1113 1635 1207 1675 huie
1226 1635 1362 1675 studio
1386 1635 1499 1675 litte-

289 1714 440 1746 rarum,
461 1700 572 1752 quod
590 1699 837 1752 profitentur
855 1702 908 1745 ei,
928 1701 997 1751 qui
1016 1700 1274 1751 grammatici
1287 1703 1499 1745 vocantur,

290 1766 455 1814 penitus
473 1775 517 1801 se
534 1762 708 1808 dedidit,
725 1764 824 1814 quin
841 1775 1005 1800 omnem
1022 1761 1182 1799 illarum
1198 1763 1348 1800 artium
1363 1773 1498 1813 paene

291 1825 494 1864 infinitam
536 1827 618 1863 vim
656 1830 700 1863 et
741 1827 958 1863 materiam
1005 1826 1201 1863 scientiae
1247 1825 1498 1875 cogitatione

292 1887 650 1939 comprehenderit
667 1887 683 1925 Ρ

233 1959 271 1991 11
343 1950 451 1989 Vere
470 1950 570 1988 mihi
589 1949 666 1989 hoc
680 1949 820 1989 videor
835 1962 924 1988 esse
940 1949 1136 1994 dicturus,
1152 1961 1204 1987 ex
1218 1948 1406 1988 omnibus
1424 1950 1499 1996 eis,

291 2063 314 2097 8
