1560 2294
751 145 955 186 CICERO

248 252 382 302 ipsum
402 250 513 302 quod
533 251 609 289 tibi
630 250 699 289 ille
726 249 910 289 detrahit
928 263 938 288 t
972 254 1021 288 ut
1039 248 1085 288 C.
1108 247 1286 293 Laelius,
1305 259 1399 285 cum
1418 247 1458 285 ei

249 316 417 368 quidam
430 316 538 354 malo
553 329 707 368 genere
722 321 844 354 natus
865 315 1022 354 diceret
1040 314 1256 366 indignum
1271 325 1360 351 esse
1374 313 1456 350 suis

249 382 483 428 maioribus,
517 381 526 395 ‘
546 382 605 420 At
638 380 832 427 hercule,’
867 383 1015 432 inquit,
1051 379 1060 394 ‘
1078 385 1126 418 tu
1164 380 1246 418 tuis
1280 375 1456 430 dignus.'

249 446 382 499 Saepe
417 450 544 486 etiam
579 450 833 486 sententiose
868 446 1038 485 ridicula
1072 445 1277 490 dicuntur,
1312 448 1360 482 ut
1395 441 1456 481 M.

248 513 425 560 Cincius,
449 527 530 565 quo
554 513 621 552 die
644 513 781 566 legem
804 512 856 551 de
881 512 996 551 donis
1021 517 1066 550 et
1087 510 1325 549 muneribus
1347 507 1458 554 tulit,

248 593 342 618 cum
391 578 436 618 C.
485 579 618 617 Cento
661 578 866 631 prodisset
917 583 962 616 et
1015 579 1114 616 satis
1162 573 1458 615 contumeliose

249 643 258 658 ‘
278 644 389 693 Quid
426 643 522 691 fers,
552 644 731 683 Cinciole
750 645 766 683 ?
785 643 793 657 ’
830 645 1072 696 quaesisset,
1102 641 1111 656 ‘
1131 641 1193 681 Ut
1226 639 1366 686 emas,'
1398 641 1459 677 in-

165 722 231 756 287
250 713 354 762 quit,
374 710 382 724 ‘
400 710 491 756 Gai,
507 713 540 748 si
560 713 622 749 uti
640 708 767 748 velis.’
823 708 955 761 Saepe
976 711 1103 747 etiam
1122 707 1226 746 salse
1246 719 1353 759 quae
1372 705 1460 744 fieri

250 790 332 815 non
357 782 528 828 possunt
557 781 754 828 optantur
773 789 782 814 :
817 781 865 814 ut
886 774 947 813 M.
969 773 1166 826 Lepidus,
1192 786 1286 812 cum
1311 773 1459 811 ceteris

249 844 293 880 in
326 855 471 894 campo
506 842 794 880 exercentibus
828 843 871 879 in
911 840 1041 879 herba
1082 842 1171 891 ipse
1205 838 1459 877 recubisset:

253 907 261 922 ‘
280 907 440 947 Vellem
470 907 547 946 hoc
579 906 717 953 esset,'
741 909 889 959 inquit,
915 905 923 920 ¹
940 904 1156 944 laborare!
1210 903 1370 943 Salsum
1395 907 1460 941 est

251 976 379 1013 etiam
410 974 704 1027 quaerentibus
738 978 782 1011 et
814 974 929 1024 quasi
961 970 1314 1023 percontantibus,
1344 968 1459 1007 lente

250 1039 498 1091 respondere
535 1039 646 1091 quod
682 1038 841 1077 nolint:
882 1043 929 1076 ut
965 1050 1108 1076 censor
1147 1035 1328 1088 Lepidus
1366 1047 1460 1074 cum

251 1105 312 1144 M.
347 1105 529 1144 Antistio
565 1104 764 1157 Pyrgensi
799 1117 952 1156 equum
987 1103 1224 1148 ademisset,
1258 1102 1460 1152 amicique

249 1185 342 1210 cum
359 1169 680 1210 vociferarentur
704 1175 748 1208 et
771 1174 1020 1221 quaererent
1047 1168 1146 1220 quid
1171 1167 1239 1206 ille
1259 1168 1367 1219 patri
1387 1178 1460 1204 suo

248 1237 517 1289 responderet
541 1250 611 1274 cur
635 1235 877 1287 ademptum
905 1235 982 1273 sibi
1006 1247 1159 1286 equum
1182 1233 1339 1272 diceret
1367 1245 1460 1270 cum

249 1305 428 1355 optimus
441 1302 621 1348 colonus,
633 1303 906 1353 parcissimus,
918 1299 1258 1344 modestissimus,
1273 1296 1460 1350 frugalis-

250 1371 374 1407 simus
403 1373 541 1407 esset:
571 1367 579 1381 ‘
602 1367 675 1405 Me
703 1365 903 1412 istorum,'
930 1367 1079 1417 inquit,
1106 1363 1114 1378 ‘
1133 1363 1233 1402 nihil
1261 1360 1459 1402 credere!

166 1440 233 1473 288
251 1434 508 1486 Colliguntur
541 1447 566 1471 a
595 1433 761 1472 Graecis
796 1432 875 1470 alia
905 1430 1113 1476 nonnulla,
1144 1431 1459 1474 exsecrationes,

250 1500 556 1545 admirationes,
583 1501 843 1544 minationes,
871 1497 945 1536 sed
971 1497 1073 1536 haec
1100 1499 1189 1548 ipsa
1214 1497 1334 1534 nimis
1359 1493 1458 1533 mihi

251 1566 392 1605 videor
412 1568 454 1604 in
475 1565 607 1603 multa
635 1577 790 1616 genera
811 1563 1071 1614 descripsisse
1091 1575 1102 1609 ;
1137 1575 1234 1600 nam
1261 1560 1331 1599 illa
1352 1572 1458 1612 quae

252 1633 365 1671 verbi
383 1633 543 1670 ratione
564 1636 608 1669 et
634 1633 672 1668 vi
692 1632 956 1668 continentur
975 1634 1089 1667 certa
1114 1626 1202 1666 fere
1223 1639 1270 1665 ac
1289 1625 1459 1665 definita

251 1703 357 1736 sunt.
386 1710 493 1749 quae
522 1696 779 1748 plerumque,
804 1700 852 1734 ut
886 1699 983 1732 ante
1015 1693 1114 1739 dixi,
1138 1692 1296 1731 laudari
1328 1693 1459 1744 magis

167 1772 232 1805 289
251 1777 375 1815 quam
394 1762 517 1801 rideri
532 1761 691 1807 solent;
719 1760 822 1799 haec
842 1765 984 1798 autem
1004 1772 1110 1811 quae
1131 1763 1228 1797 sunt
1246 1759 1289 1795 in
1307 1770 1352 1796 re
1371 1758 1460 1808 ipsa

297 1887 313 1903 ⁰
337 1882 413 1915 The
435 1892 660 1925 praenomen,
685 1880 758 1914 like
782 1891 805 1914 a
830 1879 1009 1913 Christian
1034 1889 1152 1918 name,
1178 1877 1243 1911 has
1267 1887 1290 1910 a
1314 1879 1397 1910 note
1420 1877 1463 1910 of

251 1926 460 1968 familiarity
479 1926 593 1959 which
614 1925 730 1968 might
747 1924 792 1958 be
811 1922 1122 1966 complimentary,
1141 1921 1207 1955 but
1226 1921 1309 1955 here
1327 1921 1356 1954 is
1374 1930 1458 1954 con-

251 1973 467 2013 temptuous,
486 1969 558 2002 and
577 1970 606 2002 is
623 1980 646 2002 a
664 1971 772 2002 retort
789 1971 826 2001 to
841 1967 902 2001 the
922 1966 1134 2000 diminutive
1154 1965 1323 2004 Cinciole,
1342 1964 1457 1998 which

250 2014 325 2047 also
342 2014 406 2047 has
422 2025 444 2046 a
459 2013 567 2046 touch
584 2013 626 2046 of
637 2014 830 2054 contempt,
848 2022 886 2044 as
903 2010 968 2044 has
984 2010 1044 2043 the
1061 2010 1225 2052 question
1243 2008 1340 2049 Quid
1348 2007 1428 2051 fers
1440 2010 1458 2042 θ

250 2058 365 2091 which
382 2060 546 2100 suggests
564 2057 573 2071 ‘
589 2056 698 2090 What
713 2055 761 2090 do
778 2066 849 2098 you
867 2054 956 2088 offer
971 2055 1027 2088 for
1043 2053 1117 2088 sale
1131 2056 1146 2087 Ρ
1160 2053 1169 2067 '
1236 2052 1249 2072 ''
1265 2054 1362 2092 5254.

247 2122 324 2158 416
