1560 2294
741 116 945 156 CICERO

237 223 373 257 torum
394 223 577 271 proprias
600 223 827 259 sententias
850 227 976 273 atque
998 234 1155 268 causaS,
1176 226 1221 260 et
1240 226 1444 260 certarum

239 299 375 324 rerum
392 285 621 326 forensibus
639 288 826 326 cancellis
844 291 1189 340 circumscriptam
1206 290 1443 327 scientiam:

238 351 400 392 fatebor
429 354 622 406 equidem
648 358 691 392 in
719 354 781 393 his
808 358 939 408 magis
967 355 1128 394 assidue
1156 357 1308 394 versari
1338 354 1444 394 hanc

237 427 420 459 nostram
452 422 704 468 dictionem;
751 423 825 461 sed
855 428 998 461 tamen
1028 426 1071 461 in
1101 422 1163 461 his
1194 425 1291 475 ipsis
1320 422 1444 461 rebus

235 489 442 539 permulta
458 495 568 536 sunt,
586 503 692 541 quae
709 493 776 528 isti
793 493 993 542 magistri,
1006 493 1075 542 qui
1091 490 1283 528 rhetorici
1298 503 1444 528 vocan-

170 566 217 599 63
236 561 318 602 tur,
353 570 430 595 nec
466 557 651 603 tradunt,
687 571 764 596 nec
799 563 959 596 tenent.
1015 557 1117 607 Quis
1153 560 1262 596 enim
1298 559 1442 604 nescit,

234 627 458 662 maximam
486 627 568 663 vim
598 627 796 664 exsistere
822 628 993 664 oratoris
1021 628 1064 663 in
1091 624 1302 663 hominum
1328 637 1443 663 men-

235 692 346 730 tibus
375 692 440 730 vel
469 692 523 730 ad
549 695 666 738 iram,
696 698 769 731 aut
802 692 856 731 ad
887 693 1041 739 odium,
1069 698 1143 731 aut
1175 692 1229 731 ad
1260 692 1442 731 dolorem

235 759 467 805 incitandis,
505 759 569 798 vel
609 760 662 798 ab
694 759 805 798 hisce
841 760 997 799 eisdem
1029 760 1352 812 permotionibus
1389 759 1443 798 ad

235 825 453 865 lenitatem
467 827 869 879 misericordiamque
884 828 1146 866 revocandis?
1201 827 1353 876 Quare,
1365 829 1441 865 nisi

234 897 305 946 qui
329 900 497 933 naturas
526 894 752 941 hominum,
776 898 940 947 vimque
966 908 1131 934 omnem
1159 894 1442 941 humanitatis,

234 974 460 1013 causasque
495 975 579 1008 eas,
614 963 762 1014 quibus
794 968 957 1001 mentes
992 968 1066 1001 aut
1098 965 1335 1008 incitantur,
1369 967 1442 1001 aut

233 1029 516 1075 reflectuntur,
562 1032 729 1081 penitus
779 1033 1051 1081 perspexerit,
1097 1030 1285 1076 dicendo,
1331 1029 1443 1081 quod

169 1108 215 1140 54
233 1095 357 1142 volet,
385 1096 583 1148 perficere
611 1110 694 1135 non
719 1100 886 1149 poterit.
942 1098 1072 1149 Atqui
1099 1102 1212 1136 totus
1238 1096 1304 1136 hic
1329 1096 1441 1136 locus

231 1162 563 1215 philosophorum
591 1167 778 1215 proprius
805 1164 997 1211 videtur3
1036 1178 1172 1217 neque
1197 1170 1348 1211 orator,
1371 1177 1440 1204 me

232 1237 414 1277 auctore,
438 1245 621 1283 unquam
649 1232 926 1284 repugnabit:
964 1232 1052 1279 sed,
1077 1246 1171 1272 cum
1198 1232 1275 1270 illis
1303 1234 1439 1284 cogni-

233 1301 389 1337 tionem
427 1312 564 1338 rerum
602 1302 863 1346 concesserit,
901 1300 1011 1352 quod
1047 1302 1091 1338 in
1128 1313 1179 1339 ea
1215 1299 1346 1352 solum
1381 1299 1438 1338 illi

232 1365 436 1404 voluerint
472 1366 711 1413 elaborare;
762 1370 1052 1406 tractationem
1088 1369 1296 1413 orationis,
1331 1380 1438 1420 quae

232 1435 319 1471 sine
343 1433 412 1471 illa
435 1436 607 1472 scientia
630 1434 742 1472 nulla
766 1440 844 1480 est,
868 1435 944 1473 sibi
969 1440 1163 1473 assumet.
1215 1434 1306 1473 Hoc
1329 1437 1438 1473 enim

232 1507 296 1539 est
329 1503 537 1552 proprium
565 1504 751 1548 oratoris,
780 1501 890 1553 quod
918 1515 1042 1554 saepe
1069 1505 1152 1540 iam
1181 1502 1279 1548 dixi,
1307 1504 1437 1541 oratio

230 1571 379 1620 gravis,
403 1574 447 1606 et
470 1574 630 1615 ornata,
653 1574 698 1608 et
719 1568 930 1608 hominum
953 1570 1138 1608 sensibus
1161 1583 1208 1608 ac
1229 1570 1436 1608 mentibus

231 1636 550 1674 accommodata.

166 1718 211 1751 55
282 1702 402 1740 XIII.
451 1703 609 1751 Quibus
652 1703 705 1742 de
746 1704 869 1742 rebus
912 1703 1179 1742 Aristotelem
1221 1710 1266 1743 et
1305 1703 1436 1743 Theo-

229 1769 445 1821 phrastum
469 1773 675 1822 scripsisse
698 1769 857 1809 fateor:
894 1770 968 1810 sed
996 1771 1103 1817 vide,
1126 1784 1179 1810 ne
1204 1770 1295 1817 hoc,
1317 1771 1436 1810 Scae-

230 1837 335 1882 vola,
350 1842 486 1875 totum
501 1840 555 1876 sit
571 1851 595 1876 a
608 1851 676 1876 me
691 1851 702 1884 ;
725 1852 821 1876 nam
837 1851 928 1890 ego,
946 1851 1052 1890 quae
1068 1844 1165 1877 sunt
1178 1841 1329 1878 oratori
1342 1852 1436 1878 cum

232 1903 308 1942 illis
328 1907 573 1951 communia,
593 1919 675 1944 non
696 1911 862 1944 mutuor
877 1906 929 1944 ab
948 1905 1024 1944 illis
1044 1918 1054 1951 3
1083 1908 1165 1951 isti,
1180 1919 1286 1958 quae
1301 1906 1354 1945 de
1373 1906 1435 1945 his

231 1971 352 2010 rebus
387 1971 615 2023 disputant,
649 1978 857 2011 oratorum
892 1986 982 2011 esse
1015 1973 1261 2020 concedunt,
1293 1976 1436 2027 itaque

230 2072 281 2107 40
