1560 2294
753 107 958 148 CICERO

165 214 230 250 148
301 211 420 250 Hanc
460 213 605 263 ipsam,
645 213 781 263 inquit
827 211 1041 263 Sulpicius,
1086 225 1206 250 nosse
1247 210 1431 250 volumus
1450 224 1461 251 z

250 281 437 315 attamen
463 279 556 323 ista,
583 290 690 328 quae
718 277 790 315 abs
817 282 861 315 te
887 277 1068 315 breviter
1094 277 1147 316 de
1173 282 1263 316 arte
1289 276 1462 316 decursa

248 347 359 388 sunt,
384 342 525 380 audire
550 345 750 393 cupimus,
774 355 1012 394 quanquam
1035 348 1132 381 sunt
1154 342 1272 381 nobis
1296 355 1460 394 quoque

248 421 330 446 non
346 407 544 446 inaudita.
589 407 744 446 Verum
759 407 828 446 illa
843 421 939 446 mox
956 421 965 446 ε
996 421 1118 454 nunc,
1134 407 1187 446 de
1202 410 1292 460 ipsa
1308 409 1462 446 exerci-

245 475 407 511 tatione
428 472 527 524 quid
546 475 714 519 sentias,
734 475 980 525 quaerimus.

166 541 230 574 149
301 537 501 576 XXXIII.
537 538 743 590 Equidem
787 539 916 590 probo
961 541 1056 585 ista,
1100 538 1268 577 Crassus
1312 540 1460 590 inquit,

251 616 357 655 quae
382 617 452 642 vos
476 602 613 642 faeere
638 603 791 650 soletis,
815 609 878 650 ut,
902 617 1025 642 causa
1049 603 1186 656 aliqua
1208 606 1344 656 posita
1366 617 1460 643 con-

251 668 370 706 simili
400 682 615 707 causarum
645 682 801 715 earum,
832 682 939 721 quae
968 671 1011 707 in
1040 667 1175 708 forum
1204 668 1461 716 deferuntur,

251 733 396 772 dicatis
430 748 555 786 quam
587 737 767 773 maxime
801 734 855 773 ad
886 737 1107 773 veritatem
1140 734 1460 774 accommodate.

251 798 334 838 Sed
347 799 533 851 plerique
549 802 592 838 in
607 799 684 839 hoc
699 813 842 838 vocem
857 800 994 846 modo,
1010 813 1146 852 neque
1163 813 1256 839 eam
1271 803 1463 847 scienter,

252 870 296 903 et
310 867 415 904 vires
431 871 628 904 exercent
642 879 750 912 suas,
765 871 810 904 et
822 865 989 918 linguae
1004 865 1261 905 celeritatem
1274 868 1462 912 incitant,

251 930 552 983 verborumque
579 930 816 983 frequentia
842 931 1116 970 delectantur.
1171 930 1222 969 In
1249 944 1330 984 quo
1357 930 1463 970 fallit

252 1009 336 1042 eos,
371 996 482 1048 quod
517 996 751 1043 audierunt,
785 996 959 1035 dicendo
993 995 1194 1042 homines,
1227 1001 1276 1035 ut
1309 996 1463 1043 dicant,

169 1069 233 1103 150
252 1061 412 1100 efficere
437 1061 581 1100 solere.
636 1061 744 1100 Vere
771 1064 882 1100 enim
908 1064 1035 1100 etiam
1060 1061 1161 1100 illud
1185 1061 1348 1108 dicitur,
1372 1075 1464 1114 per-

252 1140 367 1165 verse
403 1127 553 1173 dicere,
587 1126 788 1174 homines,
822 1140 1014 1179 perverse
1049 1126 1238 1174 dicendo,
1271 1126 1462 1166 facillime

251 1195 458 1244 consequi.
489 1192 625 1240 Quam
638 1193 691 1231 ob
706 1205 794 1231 rem
809 1195 852 1230 in
867 1195 955 1231 istis
972 1194 1069 1244 ipsis
1087 1193 1463 1239 exercitationibus,

253 1260 332 1295 etsi
356 1257 458 1295 utile
478 1263 556 1303 est,
576 1260 703 1296 etiam
723 1258 860 1296 subito
879 1271 1004 1309 saepe
1028 1257 1180 1304 dicere,
1198 1263 1341 1296 tamen
1363 1257 1463 1296 illud

253 1322 407 1368 utilius,
423 1328 587 1374 sumpto
608 1325 742 1374 spatio
761 1323 816 1362 ad
834 1323 1115 1375 cogitandum,
1134 1325 1317 1375 paratius
1337 1328 1464 1375 atque

253 1390 482 1426 accuratius
507 1388 656 1427 dicere.
712 1388 850 1440 Caput
875 1393 1017 1427 autem
1042 1394 1121 1435 est,
1146 1388 1271 1440 quod,
1295 1393 1344 1427 ut
1368 1401 1463 1427 vere

254 1453 578 1499 dicam,minime
590 1452 881 1492 facimus—est
895 1457 1005 1492 enim
1016 1456 1157 1506 magni
1168 1453 1331 1500 laboris,
1340 1467 1464 1506 quem

253 1518 439 1571 plerique
453 1518 700 1571 fugimus—,
716 1533 841 1571 quam
860 1519 1081 1571 plurimum
1101 1519 1290 1558 scribere.
1340 1518 1464 1558 Stilus

253 1587 433 1636 optimus
454 1590 498 1623 et
524 1587 900 1636 praestantissimus
925 1585 1088 1624 dicendi
1114 1583 1282 1624 effector
1307 1598 1355 1624 ac
1378 1598 1464 1623 ma-

253 1652 407 1702 gister:
437 1663 572 1702 neque
593 1652 751 1688 iniuria.
803 1650 911 1689 Nam
930 1652 964 1689 si
983 1650 1163 1689 subitam
1183 1655 1228 1689 et
1249 1649 1463 1689 fortuitam

253 1718 482 1754 orationem
516 1718 811 1754 commentatio
846 1721 891 1754 et
925 1718 1122 1768 cogitatio
1155 1714 1275 1754 facile
1310 1717 1464 1761 vincit3

253 1779 358 1818 hanc
392 1783 523 1832 ipsam
557 1779 743 1832 profecto
778 1781 941 1819 assidua
974 1794 1022 1819 ac
1056 1780 1230 1833 diligens
1264 1783 1464 1833 scriptura

170 1852 231 1886 151
253 1846 476 1896 superabit.
533 1846 688 1885 Omnes
722 1849 846 1892 enim,
879 1849 963 1884 sive
997 1848 1095 1885 artis
1128 1851 1224 1885 sunt
1255 1845 1347 1892 loci,
1378 1848 1463 1885 sive

253 1913 407 1963 ingenii
428 1911 639 1950 cuiusdam
663 1917 789 1963 atque
810 1911 1070 1962 prudentiae,
1092 1914 1162 1963 qui
1182 1910 1304 1950 modo
1323 1913 1462 1950 insunt

252 1978 295 2014 in
332 1989 382 2015 ea
417 1988 476 2022 re,
513 1976 565 2015 de
603 1990 686 2028 qua
721 1977 948 2023 scribimus,
984 1977 1296 2029 anquirentibus
1332 1976 1463 2022 nobis,

255 2063 330 2098 102
