1560 2294
768 123 973 164 CICERO

266 233 497 280 poetarum,
535 231 734 267 memoria
769 227 1161 275 iurisconsultorum,
1199 241 1278 267 vox
1315 232 1478 280 tragoe-

265 295 425 342 dorum,
460 302 603 348 gestus
637 309 772 347 paene
808 309 1060 334 summorum
1096 300 1282 334 actorum
1316 299 1382 334 est
1414 307 1480 334 re-

265 363 500 415 quirendus.
557 362 693 412 Quam
713 364 766 402 ob
788 376 877 402 rem
900 362 1000 401 nihil
1022 365 1066 401 in
1087 361 1301 401 hominum
1323 374 1477 415 genere

263 433 392 469 rarius
417 429 604 482 perfecto
629 436 792 469 oratore
817 432 989 469 inveniri
1014 435 1167 481 potest.
1223 429 1342 478 Quae
1367 431 1478 468 enim

265 497 517 550 singularum
555 511 693 537 rerum
732 498 908 536 artifices
947 497 1108 550 singula
1144 499 1178 536 si
1215 496 1478 536 mediocriter

266 565 408 616 adepti
437 571 547 612 sunt,
570 566 811 617 probantur,
841 578 905 612 ea,
922 567 999 604 nisi
1028 566 1166 604 omnia
1193 577 1354 604 summa
1380 568 1477 603 sunt

266 635 308 670 in
328 638 505 679 oratore,
523 633 688 684 probari
706 646 789 671 non
806 638 991 684 possunt.

184 707 249 741 129
317 699 423 738 Tum
451 699 619 739 Crassus
639 714 648 738 ε
677 700 807 751 Atqui
831 699 938 746 vide,
958 702 1107 751 inquit,
1126 702 1170 738 in
1193 698 1364 738 artificio
1386 711 1478 751 per-

269 780 393 819 quam
426 770 543 806 tenui
580 772 625 806 et
659 767 753 813 levi,
790 772 946 819 quanto
981 767 1073 818 plus
1109 766 1356 806 adhibeatur
1390 766 1479 805 dili-

268 837 450 887 gentiae,
465 848 590 886 quam
602 837 646 872 in
659 834 736 873 hac
749 847 808 881 re,
823 848 948 886 quam
962 839 1125 874 constat
1139 847 1228 873 esse
1242 836 1477 873 maximam.

269 901 402 953 Saepe
427 905 537 940 enim
562 901 673 940 soleo
700 901 842 940 audire
868 901 1074 948 Roscium,
1092 915 1187 941 cum
1205 904 1266 941 ita
1290 901 1416 948 dicat,
1433 914 1478 940 se

268 969 402 1008 adhuc
428 971 609 1021 reperire
637 969 895 1021 discipulum,
923 982 1048 1021 quem
1076 969 1244 1021 quidem
1270 969 1480 1021 probaret,

267 1039 450 1089 potuisse
470 1039 679 1075 neminem
698 1050 708 1076 ε
741 1050 824 1075 non
843 1050 924 1088 quo
943 1050 1026 1075 non
1046 1042 1185 1075 essent
1204 1036 1372 1089 quidam
1389 1050 1481 1088 pro-

268 1104 439 1150 babiles,
459 1104 534 1142 sed
553 1106 664 1155 quia,
680 1106 713 1142 si
737 1103 891 1155 aliquid
913 1103 1036 1142 modo
1061 1109 1172 1142 esset
1190 1106 1293 1151 vitii,
1307 1103 1352 1143 id
1372 1102 1480 1142 ferre

267 1174 355 1223 ipse
371 1185 454 1210 non
468 1177 621 1223 posset.
677 1170 788 1209 Nihil
804 1176 869 1209 est
884 1173 995 1210 enim
1009 1176 1098 1209 tam
1112 1173 1288 1224 insigne,
1302 1184 1380 1210 nec
1393 1176 1481 1210 tam

269 1239 323 1278 ad
343 1239 663 1277 diuturnitatem
683 1240 906 1277 memoriae
928 1238 1091 1285 stabile,
1113 1252 1239 1291 quam
1258 1238 1316 1285 id,
1336 1241 1379 1277 in
1400 1252 1481 1291 quo

188 1314 252 1348 130
270 1306 424 1358 aliquid
444 1305 675 1345 offenderis.
732 1305 881 1357 Itaque
903 1311 951 1344 ut
973 1305 1026 1344 ad
1046 1305 1152 1344 hanc
1173 1305 1482 1345 similitudinem

271 1373 390 1412 huius
420 1373 627 1412 histrionis
657 1375 878 1412 oratoriam
907 1372 1074 1411 laudem
1104 1373 1342 1425 dirigamus,
1371 1373 1482 1412 vide-

272 1444 393 1488 tisne,
416 1454 541 1493 quam
563 1439 663 1478 nihil
686 1441 738 1479 ab
762 1453 825 1486 eo,
848 1442 924 1479 nisi
946 1439 1147 1492 perfecte,
1169 1439 1269 1478 nihil
1290 1442 1367 1479 nisi
1389 1453 1482 1480 cum

272 1521 432 1548 summa
450 1513 670 1547 venustate
692 1507 778 1554 fiat,
798 1506 899 1546 nihil
917 1510 994 1546 nisi
1013 1510 1087 1554 ita,
1107 1512 1156 1546 ut
1175 1507 1338 1554 deceat,
1358 1513 1403 1546 et
1421 1510 1482 1547 uti

271 1589 413 1616 omnes
437 1581 604 1614 moveat
628 1580 755 1627 atque
779 1574 996 1614 delectet?
1051 1574 1200 1627 Itaque
1229 1573 1306 1614 hoc
1327 1575 1483 1614 iamdiu

272 1650 337 1683 est
353 1648 610 1689 consecutus,
628 1648 690 1689 ut,
707 1644 750 1680 in
768 1655 848 1694 quo
867 1644 1040 1694 quisque
1058 1641 1229 1680 artificio
1247 1641 1483 1690 excelleret,

270 1714 304 1750 is
319 1713 362 1750 in
378 1724 450 1750 suo
466 1723 620 1763 genere
637 1709 804 1748 Roscius
821 1709 1039 1748 diceretur.
1095 1709 1214 1748 Hanc
1230 1722 1308 1762 ego
1324 1709 1483 1749 absolu-

271 1781 429 1818 tionem
446 1776 828 1829 perfectionemque
846 1779 890 1815 in
907 1781 1069 1815 oratore
1089 1776 1340 1823 desiderans,
1359 1790 1384 1815 a
1401 1790 1484 1829 qua.

271 1848 359 1897 ipse
378 1845 500 1897 longe
520 1845 679 1891 absum,
697 1843 802 1883 facio
821 1844 1085 1895 impudenter
1104 1857 1113 1882 :
1146 1843 1246 1882 mihi
1265 1845 1375 1882 enim
1393 1843 1483 1883 volo

273 1914 441 1965 ignosci,
450 1914 598 1950 ceteris
611 1914 699 1963 ipse
712 1924 794 1950 non
808 1913 986 1963 ignosco.
1031 1910 1138 1949 Nam
1151 1913 1222 1963 qui
1235 1924 1318 1949 non
1329 1915 1482 1962 potest,

274 1982 345 2032 qui
367 1981 512 2018 vitiose
535 1978 650 2025 facit,
670 1991 795 2031 quem
818 1978 997 2030 denique
1018 1991 1100 2016 non
1119 1977 1255 2024 decet,
1275 1976 1484 2017 hunc—ut

275 2088 327 2131 90
