1560 2294
760 111 964 152 CICERO

197 222 238 256 91
259 213 370 253 Nihil
393 221 457 254 est
478 214 636 254 facilius
657 229 782 268 quam
806 219 1002 256 amictum
1020 219 1172 255 imitari
1191 217 1372 264 alicuius,
1391 223 1465 258 aut

259 280 428 322 statum,
444 281 517 314 aut
531 281 703 314 motum.
759 275 801 314 Si
815 290 912 316 vero
928 280 1055 316 etiam
1070 279 1202 316 vitiosi
1218 277 1372 330 aliquid
1386 284 1464 325 est,

257 334 301 373 id
318 348 480 374 sumere
496 341 541 374 et
558 338 601 374 in
620 349 670 375 eo
689 337 951 375 ambitiosum
967 350 1056 376 esse
1075 351 1157 376 non
1175 351 1372 391 magnum
1387 344 1464 385 est,

258 400 306 433 ut
319 395 403 442 ille,
417 398 488 448 qui
502 410 611 434 nunc
626 399 767 443 etiam,
783 399 931 435 amissa
945 410 1059 444 voce,
1072 396 1172 436 furit
1186 400 1229 435 in
1242 398 1464 450 republica,

259 454 410 501 Fufius,
436 469 581 495 nervos
608 458 652 495 in
680 456 853 495 dicendo
881 457 927 496 C.
953 458 1171 504 Fimbriae,
1195 471 1296 510 quos
1323 463 1465 498 tamen

258 513 403 554 habuit
429 516 512 563 ille,
540 530 623 555 non
650 519 895 569 assequitur,
922 520 1002 556 oris
1029 520 1278 569 pravitatem
1306 524 1351 558 et
1377 532 1466 558 ver-

257 575 402 614 borum
436 575 700 616 latitudinem
735 579 934 617 imitatur.
991 577 1074 617 Sed
1108 583 1251 617 tamen
1286 578 1353 618 ille
1389 592 1466 618 nec

258 635 440 688 deligere
465 639 595 683 scivit,
620 639 733 676 cuius
758 640 1017 689 potissimum
1043 638 1181 676 similis
1207 644 1331 685 esset,
1356 644 1400 678 et
1422 642 1466 678 in

258 708 308 734 eo
331 698 434 747 ipso,
459 710 584 748 quem
609 696 837 750 delegerat,
860 700 1012 736 imitari
1041 700 1168 737 etiam
1196 700 1296 737 vitia
1324 698 1463 738 voluit.

195 767 239 800 92
259 754 340 803 Qui
376 761 518 795 autem
554 759 614 795 ita
649 755 789 803 faciet,
818 762 867 796 ut
902 763 1082 809 oportet,
1109 761 1287 809 primum
1323 758 1465 811 vigilet

257 828 424 854 necesse
448 821 512 855 est
534 819 577 854 in
599 816 819 870 deligendo
838 830 848 863 ;
881 817 1047 864 deinde,
1066 831 1190 870 quem
1208 819 1405 870 probarit,
1422 821 1464 857 in

257 887 321 921 eo,
352 889 459 927 quae
489 879 670 915 maxime
702 876 921 924 excellent,
952 891 1004 916 ea
1033 877 1344 930 diligentissime
1373 891 1465 930 per-

255 941 465 987 sequatur.

307 994 419 1043 Quid
448 998 558 1034 enim
587 1010 735 1035 causae
764 999 941 1036 censetis
971 1010 1075 1044 esse,
1104 1011 1176 1036 cur
1204 1003 1365 1037 aetates
1395 1011 1464 1037 ex-

256 1054 430 1094 tulerint
442 1055 627 1108 singulae
640 1056 800 1110 singula
811 1070 939 1109 prope
952 1070 1106 1110 genera
1118 1057 1280 1096 dicendi
1298 1058 1314 1096 ?
1342 1057 1464 1107 Quod

256 1128 338 1153 non
366 1121 454 1154 tam
481 1115 601 1154 facile
626 1119 669 1154 in
694 1119 842 1155 nostris
868 1118 1096 1156 oratoribus
1122 1131 1336 1169 possumus
1360 1118 1463 1158 iudi-

255 1188 362 1220 care,
378 1178 474 1227 quia
493 1179 658 1228 scripta,
673 1189 726 1215 ex
741 1177 888 1228 quibus
903 1177 1097 1216 iudicium
1113 1177 1200 1216 fieri
1213 1184 1368 1229 posset,
1381 1192 1464 1218 non

254 1234 387 1273 multa
400 1248 500 1274 sane
514 1236 784 1288 reliquerunt,
800 1250 925 1289 quam
943 1240 986 1276 in
1002 1237 1168 1276 Graecis
1184 1250 1194 1283 ;
1223 1251 1275 1276 ex
1290 1252 1464 1291 quorum

254 1297 428 1346 scriptis,
446 1298 643 1348 cuiusque
660 1299 811 1335 aetatis
829 1310 937 1349 quae
954 1297 1117 1336 dicendi
1135 1300 1241 1336 ratio
1258 1298 1464 1338 voluntas-

192 1372 236 1405 93
255 1368 335 1406 que
360 1353 500 1401 fuerit,
519 1356 706 1409 intellegi
729 1362 882 1408 potest.
937 1358 1223 1410 Antiquissimi
1244 1356 1333 1397 fere
1352 1365 1463 1406 sunt,

254 1427 428 1466 quorum
469 1415 638 1467 quidem
679 1419 831 1468 scripta
871 1423 1077 1463 constent,
1118 1417 1294 1456 Pericles
1337 1424 1464 1471 atque

253 1473 502 1522 Alcibiades,
536 1481 581 1515 et
614 1476 761 1515 eadem
796 1482 936 1516 aetate
969 1477 1245 1530 Thucydides,
1278 1478 1463 1526 subtiles,

255 1537 379 1581 acuti,
409 1535 568 1582 breves,
598 1539 815 1575 sententiis
844 1539 976 1589 magis
1010 1551 1134 1589 quam
1164 1538 1297 1576 verbis
1334 1539 1462 1578 abun-

253 1594 414 1633 dantes.
488 1594 707 1635 Consecuti
741 1602 838 1635 sunt
869 1596 943 1636 hos
977 1596 1139 1643 Critias,
1170 1597 1461 1646 Theramenes,

255 1652 399 1706 Lysias
415 1668 424 1693 :
453 1655 585 1694 multa
601 1655 750 1708 Lysiae
763 1659 914 1708 scripta
927 1662 1024 1696 sunt
1038 1669 1048 1703 ;
1077 1657 1271 1696 nonnulla
1283 1657 1435 1698 Critiae
1450 1671 1461 1706 ;

253 1713 305 1752 de
332 1713 589 1754 Theramene
624 1716 863 1755 audivimus.
919 1716 1013 1756 Non
1039 1719 1243 1768 potuisset
1276 1718 1459 1758 accidere

253 1778 301 1812 ut
320 1787 448 1812 unum
469 1781 579 1814 esset
599 1778 780 1814 omnium
804 1789 949 1829 genus,
969 1779 1045 1815 nisi
1069 1776 1248 1828 aliquem
1271 1779 1346 1817 sibi
1369 1791 1460 1830 pro-

252 1839 456 1884 ponerent
493 1834 548 1874 ad
584 1836 871 1875 imitandum1:
916 1849 1058 1876 omnes
1100 1839 1227 1875 etiam
1267 1843 1358 1876 tum
1398 1851 1461 1878 re-

254 1894 446 1932 tinebant
483 1894 597 1933 illum
637 1895 802 1934 Periclis
847 1909 1014 1942 sucum;
1061 1896 1135 1935 sed
1176 1903 1295 1936 erant
1338 1898 1460 1949 paulo

282 1995 297 2017 ²
320 2007 392 2031 non
416 2021 427 2032 .
450 2020 461 2032 .
485 2021 497 2032 .
520 1998 739 2033 imitandum
753 1999 809 2033 hio
832 1999 1101 2044 Warminqton:
1125 2004 1207 2035 ante
1222 2000 1426 2037 Consecuti.

251 2080 328 2115 266
