1560 2294
731 97 936 138 CICERO

139 209 202 243 261
222 199 383 251 planius
413 213 462 239 eo
490 199 651 240 locutus
680 208 928 253 putaretur3
963 203 1129 251 deinde,
1153 218 1247 244 eum
1274 209 1441 258 spiritus

137 802 203 835 262

224 268 311 304 eius
345 271 457 305 esset
489 269 717 319 angustior,
749 273 916 307 tantum
947 270 1198 309 continenda
1230 274 1368 311 anima
1396 275 1440 312 in

222 330 397 370 dicendo
414 337 478 371 est
494 338 720 379 assecutus,
736 339 784 372 ut
800 347 883 372 una
897 337 1207 375 continuatione
1223 337 1441 378 verborum

220 397 314 436 —id
341 397 453 450 quod
485 400 571 437 eius
605 401 758 450 scripta
787 399 1172 441 declarant—binae
1202 405 1241 441 ei
1271 409 1442 443 conten-

221 465 355 502 tiones
376 466 484 502 vocis
509 469 553 502 et
571 466 832 504 remissiones
852 468 1189 514 continerentur3
1221 471 1292 521 qui
1312 472 1439 509 etiam

219 534 319 567 —ut
332 531 556 568 memoriae
571 530 782 581 proditum
799 536 927 578 est—,
942 534 1137 571 coniectis
1149 535 1193 571 in
1205 546 1250 572 os
1261 534 1440 582 calculis,

221 608 382 633 summa
410 608 509 634 voce
537 608 678 634 versus
706 596 858 636 multos
887 611 969 636 uno
997 600 1144 650 spiritu
1171 603 1440 651 pronuntiare

221 661 546 707 consuescebat3
590 674 727 714 neque
755 664 790 701 is
819 665 1046 703 consistens
1074 666 1118 702 in
1146 664 1249 712 loco,
1278 666 1354 705 sed
1379 668 1441 705 in-

221 726 449 772 ambulans,
469 732 597 779 atque
617 741 789 766 ascensu
807 729 1044 781 ingrediens
1064 730 1205 770 arduo.

273 791 398 830 Hisce
425 805 504 844 ego
529 792 896 841 cohortationibus,
922 794 1082 842 Crasse,
1108 796 1162 835 ad
1185 797 1370 837 studium
1395 803 1440 838 et

221 858 275 896 ad
292 857 477 896 laborem
491 859 722 898 incitandos
738 862 907 899 iuvenes
924 860 1195 901 vehementer
1210 866 1411 903 assentior
1428 877 1438 904 t

220 930 374 970 cetera,
397 937 505 976 quae
527 924 729 977 collegisti
752 938 804 964 ex
827 928 946 964 variis
969 932 1014 965 et
1035 927 1204 966 diversis
1226 929 1371 968 studiis
1394 935 1439 969 et

221 990 392 1036 artibus,
414 992 584 1028 tametsi
605 992 694 1042 ipse
716 1003 760 1030 es
782 994 920 1029 omnia
941 998 1199 1040 consecutus,
1221 999 1364 1033 tamen
1385 995 1439 1034 ab

220 1057 392 1093 oratoris
422 1058 587 1107 proprio
615 1056 745 1095 officio
775 1062 902 1109 atque
931 1071 1103 1097 munere
1132 1061 1320 1099 seiuncta
1348 1073 1438 1100 esse

221 1121 409 1159 arbitror.

272 1185 407 1224 LXII.
437 1186 554 1225 Haec
577 1200 671 1225 cum
690 1187 896 1226 Antonius
916 1188 1103 1236 dixisset,
1122 1202 1222 1229 sane
1246 1190 1437 1231 dubitare

220 1253 327 1290 visus
349 1257 413 1290 est
434 1251 648 1303 Sulpicius,
670 1258 714 1291 et
734 1252 874 1300 Cotta,
894 1256 1025 1293 utrius
1046 1258 1177 1294 oratio
1196 1259 1362 1308 propius
1383 1257 1437 1297 ad

135 1330 202 1364 263
222 1320 441 1356 veritatem
456 1318 666 1356 videretur
681 1318 891 1358 accedere.
945 1319 1052 1359 Tum
1067 1320 1235 1361 Crassus
1250 1335 1260 1361 t
1281 1321 1437 1375 Opera-

220 1386 326 1422 rium
343 1384 460 1422 nobis
478 1383 716 1436 quemdam,
734 1384 905 1432 Antoni,
924 1391 1131 1425 oratorem
1147 1386 1247 1426 facis
1266 1400 1277 1435 ;
1309 1394 1436 1441 atque

220 1449 332 1488 haud
352 1452 449 1496 scio,
471 1463 524 1488 an
546 1449 667 1488 aliter
686 1453 855 1497 sentias,
878 1456 923 1490 et
943 1457 1063 1491 utare
1084 1457 1159 1491 tua
1178 1453 1248 1492 illa
1267 1455 1438 1494 mirifica

221 1515 275 1554 ad
291 1514 566 1554 refellendum
583 1516 897 1563 consuetudine,
917 1530 999 1569 qua
1017 1518 1094 1556 tibi
1113 1531 1235 1558 nemo
1254 1533 1436 1572 unquam

219 1583 430 1633 praestitit
449 1593 459 1627 ;
493 1583 607 1620 cuius
631 1581 799 1634 quidem
819 1585 944 1634 ipsius
963 1582 1173 1623 facultatis
1194 1587 1436 1626 exercitatio

221 1652 430 1685 oratorum
452 1649 617 1698 propria
637 1652 715 1694 est,
735 1647 809 1686 sed
827 1651 910 1687 iam
928 1651 971 1686 in
989 1648 1324 1701 philosophorum
1342 1665 1437 1691 con-

220 1712 441 1751 suetudine
464 1718 665 1759 versatur,
688 1716 951 1766 maximeque
976 1727 1132 1761 eorum,
1155 1718 1226 1768 qui
1248 1716 1301 1755 de
1324 1719 1435 1756 omni

220 1790 264 1815 re
285 1781 496 1829 proposita
516 1781 558 1816 in
580 1784 799 1830 utramque
821 1785 984 1830 partem
1005 1779 1140 1820 solent
1160 1784 1435 1834 copiosissime

136 1859 204 1892 264
221 1843 370 1881 dicere.
425 1843 580 1882 Verum
604 1857 682 1896 ego
706 1858 788 1883 non
811 1845 942 1883 solum
966 1846 1209 1893 arbitrabar,
1232 1846 1294 1886 his
1316 1861 1435 1899 prae-

221 1911 363 1946 sertim
393 1909 670 1956 audientibus,
694 1923 719 1948 a
746 1923 814 1949 me
842 1909 1051 1949 informari
1075 1918 1280 1963 oportere,
1303 1913 1433 1965 qualis

222 1986 311 2012 esse
329 1980 470 2026 posset
487 1977 536 2022 is,
554 1977 625 2028 qui
642 1974 852 2015 habitaret
869 1978 911 2014 in
929 1976 1144 2025 subselliis,
1163 1991 1299 2031 neque
1317 1978 1434 2032 quid-

225 2065 299 2107 192
