1560 2294
764 115 970 155 CICERO

260 218 348 266 sed,
362 224 410 258 ut
423 222 500 271 ipsi
520 219 630 259 soleo
645 219 796 266 dicere,
811 234 895 259 non
912 220 1054 259 licebit
1067 233 1078 266 ;
1107 233 1244 272 neque
1260 221 1369 259 enim
1383 221 1471 272 ipse

259 279 456 318 auxilium
482 293 602 318 suum
631 293 756 332 saepe
781 293 806 318 a
831 283 925 319 viris
951 281 1068 319 bonis
1090 278 1244 319 frustra
1265 279 1472 331 implorari

259 341 442 391 patietur
467 353 604 392 neque
630 340 673 378 id
693 353 826 392 aequo
848 342 984 379 animo
1003 339 1113 379 feret
1132 342 1289 386 civitas,
1310 352 1418 392 quae
1437 340 1471 377 si

260 412 359 438 voce
401 399 448 438 L.
491 399 624 438 Crassi
665 400 836 446 carebit,
877 405 1121 439 ornamento
1161 399 1341 452 quodam
1381 411 1471 438 sese

259 459 475 510 spoliatam
512 460 691 511 putabit.
759 459 866 498 Nam
898 459 1051 506 hercle,
1083 462 1219 512 inquit
1252 460 1472 506 Antonius,

259 522 292 557 si
306 518 409 557 haec
425 533 520 558 vere
537 533 562 558 a
576 519 724 559 Catulo
740 520 851 559 dicta
866 525 977 566 sunt,
992 521 1071 559 tibi
1086 533 1250 559 mecum
1266 522 1309 558 in
1324 518 1471 558 eodem

260 585 325 618 est
344 582 531 631 pistrino,
552 579 712 626 Crasse,
733 580 953 619 vivendum
972 593 983 626 ;
1019 585 1063 619 et
1082 582 1206 619 istam
1226 582 1472 619 oscitantem

260 644 305 677 et
341 639 636 678 dormitantem
673 642 920 692 sapientiam
957 639 1243 679 Scaevolarum
1281 645 1326 678 et
1361 644 1472 678 cete·

181 710 243 743 145
262 713 399 738 rorum
450 700 668 739 beatorum
719 703 804 739 otio
855 700 1140 739 concedamus.
1208 700 1356 739 Arrisit
1406 697 1472 738 hic

265 759 432 798 Crassus
460 759 610 798 leniter
639 765 711 800 et:
751 760 930 799 Pertexe
958 760 1095 806 modo,
1123 762 1273 812 inquit,
1301 759 1471 805 Antoni,

265 819 376 872 quod
398 833 565 858 exorsus
589 833 632 859 es
650 833 662 867 ;
698 833 766 859 me
789 826 932 859 tamen
953 822 1034 859 ista
1056 823 1232 859 oscitans
1255 821 1471 871 sapientia,

264 880 383 919 simul
414 886 540 932 atque
572 880 626 919 ad
656 894 749 919 eam
779 879 1016 933 confugero,
1045 882 1089 919 in
1118 880 1355 919 libertatem
1385 881 1470 917 vin-

260 940 426 979 dicabit.

309 1000 501 1039 XXXIV.
532 1000 665 1039 Huius
708 1000 876 1053 quidem
912 1000 1003 1047 loci,
1045 1014 1169 1053 quem
1209 999 1332 1039 modo
1378 1012 1467 1038 sum

257 1073 439 1106 exorsus,
472 1059 538 1099 hic
571 1066 635 1099 est
674 1060 778 1107 finis,
814 1063 949 1113 inquit
986 1061 1222 1107 Antonius;
1275 1061 1468 1112 quoniam

257 1120 511 1173 intellegitur
543 1134 625 1159 non
658 1123 701 1159 in
733 1120 945 1159 hominum
978 1120 1343 1159 innumerabilibus
1376 1132 1468 1172 per-

257 1183 363 1219 sonis
390 1193 525 1232 neque
558 1183 601 1218 in
629 1180 790 1219 infinita
818 1186 1052 1232 temporum
1082 1183 1299 1226 varietate,
1325 1179 1400 1218 sed
1424 1181 1467 1218 in

256 1254 456 1292 generum
471 1243 601 1278 causis
618 1246 745 1293 atque
761 1243 917 1279 naturis
933 1243 1070 1279 omnia
1085 1243 1165 1279 sita
1181 1253 1286 1286 esse,
1301 1241 1467 1292 quaein

257 1301 427 1339 dubium
451 1306 708 1346 vocarentur,
731 1313 887 1353 genera
911 1306 1053 1339 autem
1077 1313 1166 1339 esse
1191 1300 1362 1339 definita
1384 1313 1466 1338 non

257 1360 388 1399 solum
403 1373 588 1406 numero,
604 1360 678 1399 sed
693 1363 820 1399 etiam
836 1363 1061 1412 paucitate,
1077 1366 1126 1399 ut
1141 1373 1234 1399 eam
1249 1361 1466 1398 materiem

257 1422 465 1466 orationis,
493 1433 600 1472 quae
628 1422 824 1472 cuiusque
856 1425 967 1459 esset
993 1422 1170 1472 generis,
1197 1419 1368 1459 studiosi
1395 1421 1466 1471 qui

259 1485 398 1518 essent
422 1479 599 1526 dicendi,
620 1480 808 1518 omnibus
828 1479 925 1518 locis
951 1480 1202 1531 discriptam,
1223 1482 1465 1518 instructam

257 1545 528 1592 ornatamque
549 1539 946 1591 comprehenderent
972 1540 1094 1578 rebus
1120 1539 1210 1578 dico
1237 1545 1281 1578 et
1301 1544 1466 1578 senten-

177 1611 239 1644 146
257 1602 336 1638 tiis.
391 1599 454 1637 Ea
486 1601 525 1638 vi
557 1613 632 1638 sua
664 1600 789 1638 verba
821 1602 998 1651 parient,
1031 1612 1138 1652 quae
1171 1612 1335 1650 semper
1365 1601 1464 1637 satis

257 1664 401 1698 ornata
417 1658 516 1698 mihi
533 1659 700 1711 quidem
716 1659 844 1698 videri
860 1659 1008 1706 solent,
1021 1661 1054 1698 si
1070 1661 1157 1698 eius
1171 1658 1283 1698 modi
1295 1663 1405 1705 sunt,
1416 1663 1465 1697 ut

257 1732 307 1758 ea
320 1732 385 1758 res
400 1721 489 1770 ipsa
503 1721 712 1770 peperisse
727 1718 928 1757 videatur.
973 1719 1035 1757 Ac
1049 1721 1082 1757 si
1097 1732 1239 1757 verum
1254 1719 1464 1770 quaeritis,

257 1779 367 1831 quod
396 1778 494 1817 mihi
524 1778 692 1831 quidem
721 1777 1061 1817 videatur—nihil
1088 1780 1197 1817 enim
1224 1777 1334 1816 aliud
1361 1777 1465 1816 affir-

256 1852 370 1877 mare
393 1851 559 1890 possum
584 1840 660 1876 nisi
684 1841 936 1876 sententiam
956 1843 1000 1876 et
1019 1840 1253 1889 opinionem
1276 1850 1465 1876 meam-

257 1898 333 1936 hoc
348 1901 668 1936 instrumentum
683 1911 897 1936 causarum
913 1903 957 1936 et
971 1911 1171 1950 generum
1185 1900 1464 1936 universorum

257 1961 299 1996 in
330 1956 463 1996 forum
494 1956 655 1996 deferre
686 1957 884 1996 debemus
918 1970 1069 2009 neque,
1098 1962 1146 1996 ut
1176 1969 1366 2009 quaeque
1399 1969 1464 1995 res

257 2017 397 2056 delata
429 2017 482 2056 ad
512 2030 584 2055 nos
614 2019 706 2063 erit,
735 2022 825 2055 tum
854 2017 1032 2069 denique
1062 2019 1232 2056 scrutari
1261 2016 1383 2062 locos,
1411 2028 1463 2054 ex

255 2084 331 2119 302
