1560 2294
753 114 958 155 CICERO

250 220 294 254 et
317 220 549 254 nostrorum
572 216 784 256 hominum
813 221 856 256 in
884 221 995 257 omni
1018 232 1171 271 genere
1197 219 1462 271 prudentiam

249 282 416 322 Graecis
449 284 657 324 anteferre
676 298 686 332 ;
733 287 939 325 Antonius
972 292 1114 326 autem
1144 287 1460 340 probabiliorem

246 350 324 390 hoc
342 353 495 404 populo
515 356 746 393 orationem
765 353 853 394 fore
874 355 1072 394 censebat
1091 369 1222 403 suam,
1242 359 1275 395 si
1294 359 1460 396 omnino

247 419 435 459 didicisse
460 435 673 474 nunquam
695 428 928 474 putaretur.
967 423 1108 476 Atque
1131 427 1192 463 ita
1215 437 1260 464 se
1283 430 1459 477 uterque

246 491 476 540 graviorem
502 489 605 536 fore,
631 493 665 529 si
692 490 798 530 alter
823 498 1104 538 contemnere,
1131 493 1237 531 alter
1261 506 1314 532 ne
1340 506 1459 532 nosse

207 570 229 602 5
247 556 416 608 quidem
437 557 616 597 Graecos
637 559 860 598 videretur.
901 560 1086 609 Quorum
1106 561 1318 600 consilium
1339 561 1460 614 quale

246 623 388 671 fuerit,
415 625 516 664 nihil
546 640 645 665 sane
674 627 728 666 ad
755 627 833 667 hoc
863 633 1054 680 tempus;
1098 629 1199 668 illud
1227 635 1369 668 autem
1397 635 1462 668 est

247 691 367 731 huius
400 696 618 733 institutae
657 698 886 747 scriptionis
925 710 972 735 ac
1010 699 1222 749 temporis,
1252 699 1460 736 neminem

249 761 500 813 eloquentia,
520 777 603 801 non
630 764 753 802 modo
784 767 871 803 sine
900 764 1064 803 dicendi
1089 765 1290 812 doctrina,
1307 765 1382 804 sed
1407 779 1460 804 ne

247 832 335 868 sine
354 833 466 869 omni
487 831 656 883 quidem
678 835 895 884 sapientia,
911 832 1056 872 florere
1078 847 1261 886 unquam
1284 839 1329 873 et
1343 846 1462 886 prae-

247 903 358 936 stare
377 901 573 950 potuisse.

300 966 356 1005 ΙΙ.
386 967 554 1006 Etenim
573 973 738 1007 ceterae
756 967 844 1008 fere
864 975 974 1008 artes
992 982 1036 1008 se
1055 972 1169 1021 ipsae
1186 983 1262 1022 per
1278 983 1323 1009 se
1341 975 1461 1009 tuen—

246 1039 316 1073 tur
336 1035 522 1087 singulae
540 1048 551 1082 ;
586 1036 695 1075 bene
716 1036 852 1076 dicere
875 1043 1031 1084 autem,
1052 1037 1164 1090 quod
1185 1043 1249 1077 est
1269 1040 1460 1085 scienter,

247 1108 293 1141 et
327 1106 476 1154 perite,
514 1110 558 1143 et
594 1110 739 1143 ornate
776 1105 927 1152 dicere,
963 1119 1046 1144 non
1081 1105 1211 1145 habet
1246 1106 1460 1145 definitam

248 1171 428 1223 aliquam
466 1175 693 1225 regionem,
727 1176 840 1211 cuius
874 1176 1060 1212 terminis
1093 1179 1214 1226 septa
1250 1180 1458 1214 teneatur.

248 1238 412 1286 Omnia,
433 1254 718 1293 quaecumque
738 1243 781 1279 in
799 1241 1012 1281 hominum
1031 1242 1375 1294 disceptationem
1394 1256 1460 1282 ca-

247 1307 346 1346 dere
366 1315 552 1359 possunt,
571 1309 680 1348 bene
701 1315 798 1348 sunt
821 1313 859 1348 ei
881 1310 1070 1357 dicenda,
1090 1313 1161 1362 qm·
1179 1309 1256 1349 hoc
1275 1324 1320 1350 se
1338 1324 1458 1363 posse

249 1375 480 1427 profitetur,
518 1382 591 1416 aut
636 1377 899 1430 eloquentiae
947 1392 1098 1417 nomen
1143 1378 1459 1431 relinquendum

208 1457 231 1490 ο
249 1450 325 1483 est.
384 1444 522 1493 Quare
543 1446 737 1498 equidem
757 1452 802 1485 et
820 1449 863 1484 in
883 1452 1024 1485 nostra
1043 1450 1226 1494 civitate,
1246 1453 1290 1486 et
1309 1449 1352 1485 in
1370 1450 1458 1499 ipsa

249 1512 438 1560 Graecia,
458 1527 564 1566 quae
589 1527 752 1566 semper
773 1514 877 1554 haec
900 1528 1060 1553 summa
1083 1515 1217 1562 duxit,
1239 1515 1390 1554 multos
1413 1521 1458 1555 et

248 1583 437 1634 ingeniis,
459 1587 503 1621 et
525 1595 677 1635 magna
695 1582 818 1622 laude
842 1583 1005 1622 dicendi
1028 1585 1115 1622 sine
1139 1597 1299 1622 summa
1320 1597 1457 1622 rerum

249 1652 432 1688 omnium
456 1653 628 1689 scientia
650 1649 776 1690 fuisse
799 1650 959 1697 fateor;
987 1651 1115 1690 talem
1139 1665 1235 1691 vero
1259 1654 1456 1691 exsistere

249 1717 543 1770 eloquentiam,
564 1719 694 1771 qualis
713 1718 840 1758 fuerit
858 1722 901 1758 in
924 1719 1068 1759 Crasso
1093 1725 1138 1759 et
1160 1720 1356 1767 Antonio,
1375 1734 1457 1759 non

249 1789 423 1838 cognitis
442 1787 565 1826 rebus
585 1788 788 1834 omnibus,
809 1801 916 1840 quae
937 1788 989 1826 ad
1009 1794 1171 1827 tantam
1193 1788 1455 1840 prudentiam

248 1856 522 1906 pertinerent,
535 1861 780 1907 tantamque
794 1855 956 1894 dicendi
969 1859 1142 1907 copiam,
1155 1862 1312 1908 quanta
1326 1859 1368 1895 in
1379 1856 1456 1895 illis

210 1934 231 1967 7
248 1921 343 1969 fuit,
370 1936 452 1962 non
479 1927 662 1975 potuisse
689 1924 895 1962 confirmo.
954 1924 1047 1972 Quo
1074 1927 1201 1963 etiam
1226 1924 1306 1964 feci
1327 1925 1457 1964 liben-

248 1994 345 2038 tius,
367 1996 416 2030 ut
438 2004 533 2030 eum
557 2005 802 2039 sermonem,
825 2005 950 2045 quem
971 1992 1028 2031 illi
1051 1993 1259 2046 quondam
1280 1995 1390 2032 inter
1410 2005 1456 2032 se

248 2070 325 2105 200
