1560 2294
753 129 958 169 CICERO

249 233 361 284 apud
374 232 559 271 homines
573 233 913 284 prudentissimos
927 239 1055 286 atque
1070 237 1333 274 amicissimos
1346 248 1460 274 men-

248 302 329 339 tiar
346 313 356 339 :
411 314 494 340 non
534 300 769 339 mehercule
806 315 989 354 unquam
1031 303 1142 354 apud
1181 303 1350 349 iudices,
1388 309 1461 343 aut

248 368 445 414 dolorem,
469 373 542 407 aut
564 369 883 408 misericordiam
907 375 980 408 aut
1002 370 1197 410 invidiam
1223 376 1297 410 aut
1321 371 1461 411 odium

248 436 422 475 dicendo
459 438 640 475 excitare
671 436 793 483 volui,
826 440 926 490 quin
962 440 1050 490 ipse
1082 441 1126 477 in
1157 441 1460 480 commovendis

248 505 447 544 iudicibus
476 507 534 544 eis
562 507 659 556 ipsis
689 506 889 552 sensibus,
918 506 972 544 ad
1009 520 1110 558 quos
1138 507 1227 546 illos
1256 507 1460 549 adducere

167 584 230 617 190
248 573 409 619 vellem,
423 586 698 624 permoverer.
746 573 892 626 Neque
908 580 973 614 est
988 577 1098 613 enim
1114 573 1234 614 facile
1248 576 1460 628 perficere,

248 647 295 680 ut
309 644 508 680 irascatur
522 643 587 679 cui
602 646 650 679 tu
665 641 778 687 velis,
793 642 933 688 iudex,
948 645 982 681 si
996 648 1044 681 tu
1058 645 1146 694 ipse
1161 643 1204 682 id
1218 643 1332 683 lente
1350 643 1458 684 ferre

247 709 412 748 videare
431 722 441 755 3
474 722 611 761 neque
629 714 678 748 ut
695 709 830 748 oderit
849 722 959 756 eum,
978 723 1103 762 quem
1121 716 1170 750 tu
1188 711 1302 758 velis,
1320 715 1397 752 nisi
1414 719 1460 754 te

243 779 380 830 ipsum
395 777 641 829 flagrantem
656 777 750 816 odio
766 783 864 816 ante
880 778 1028 816 viderit
1046 791 1057 824 ;
1086 792 1222 831 neque
1238 779 1292 819 ad
1304 783 1460 820 miseri-

247 846 427 885 cordiam
446 845 689 891 adducetur,
708 848 785 884 nisi
804 851 851 884 tu
871 849 910 884 ei
928 848 1046 898 signa
1064 846 1212 886 doloris
1231 850 1294 886 tui
1312 849 1459 896 verbis,

247 916 479 960 sententiis,
494 927 607 960 voce,
621 913 752 960 vultu,
767 913 1111 953 collacrimatione
1127 915 1307 969 denique
1322 923 1460 956 osten-

246 983 366 1022 deris·
441 982 503 1022 Ut
546 985 656 1020 enim
699 982 812 1020 nulla
857 985 1052 1021 materies
1099 989 1188 1023 tam
1230 983 1358 1024 facilis
1405 986 1459 1026 ad

245 1050 598 1090 exardescendum
634 1055 712 1096 est,
742 1064 850 1102 quae
887 1053 964 1089 nisi
994 1051 1162 1090 admoto
1198 1054 1285 1105 igni
1317 1056 1458 1106 ignem

244 1122 458 1171 concipere
481 1121 624 1170 possit,
647 1121 704 1157 sic
726 1118 838 1157 nulla
860 1132 977 1157 mens
1001 1125 1066 1158 est
1088 1125 1176 1158 tam
1199 1120 1253 1160 ad
1275 1135 1459 1174 compre-

243 1187 507 1227 hendendam
527 1189 610 1225 vim
630 1189 802 1225 oratoris
821 1192 982 1238 parata,
1003 1201 1111 1239 quae
1131 1191 1261 1239 possit
1280 1190 1459 1236 incendi,

243 1259 319 1295 nisi
338 1258 426 1307 ipse
445 1254 723 1293 inflammatus
743 1254 797 1293 ad
816 1268 908 1293 eam
928 1260 973 1294 et
991 1256 1139 1295 ardens
1159 1261 1389 1298 accesserit.

163 1336 223 1370 191
295 1324 445 1363 XLVI.
475 1323 551 1369 Ac,
572 1336 625 1361 ne
646 1322 724 1361 hoc
743 1322 852 1361 forte
873 1336 1071 1375 magnum
1093 1337 1140 1363 ac
1160 1326 1346 1365 mirabile
1368 1341 1458 1368 esse

245 1393 432 1431 videatur
457 1391 667 1430 hominem
692 1393 818 1430 toties
843 1393 974 1437 irasci,
996 1394 1121 1431 toties
1152 1392 1306 1440 dolere,
1331 1399 1457 1436 toties

243 1463 354 1500 omni
368 1465 485 1499 motu
498 1461 621 1498 animi
634 1461 842 1505 concitari,
854 1463 1098 1511 praesertim
1109 1463 1152 1499 in
1163 1461 1286 1501 rebus
1299 1462 1454 1512 alienis,

242 1542 394 1582 magna
428 1531 487 1567 vis
522 1533 587 1567 est
631 1541 772 1566 earum
814 1531 1115 1568 sententiarum
1150 1535 1277 1582 atque
1313 1545 1454 1572 eorum

242 1598 437 1643 locorum,
458 1610 560 1649 quos
581 1609 680 1649 agas
695 1601 933 1648 tractesque
954 1596 1142 1644 dicendo,
1164 1598 1263 1637 nihil
1284 1605 1332 1638 ut
1352 1613 1453 1652 opus

243 1669 297 1706 sit
325 1665 586 1704 simulatione
617 1669 662 1703 et
690 1663 888 1710 fallaciis3
931 1667 1021 1716 ipsa
1051 1668 1161 1704 enim
1190 1672 1339 1706 natura
1367 1682 1456 1708 ora·

244 1737 366 1773 tionis
394 1735 496 1779 eius,
523 1746 631 1785 quae
658 1735 877 1784 suscipitur
904 1733 957 1771 ad
984 1733 1155 1772 aliorum
1182 1737 1338 1774 animos
1364 1749 1456 1788 per·

244 1802 482 1847 movendos,
498 1806 705 1840 oratorem
720 1804 854 1852 ipsum
874 1804 1005 1853 magis
1022 1804 1149 1840 etiam
1169 1816 1294 1854 quam
1314 1817 1457 1855 quem-

164 1884 225 1917 192
245 1884 369 1923 quam
394 1883 549 1915 eorum,
574 1872 644 1921 qui
667 1869 855 1915 audiunt,
878 1875 1106 1921 permovet.
1161 1870 1218 1910 Et
1241 1885 1293 1910 ne
1316 1871 1394 1911 hoc
1415 1875 1458 1911 in

245 1941 390 1984 causis,
410 1941 453 1976 in
473 1938 645 1983 iudiciis,
666 1940 708 1975 in
730 1940 952 1976 amicorum
973 1938 1176 1989 periculis,
1196 1941 1239 1978 in
1259 1953 1456 1979 concursu

247 2007 473 2053 hominum,
493 2008 535 2044 in
554 2008 738 2052 civitate,
757 2008 800 2044 in
823 2005 911 2046 foro
931 2006 1116 2046 accidere
1135 2010 1344 2055 miremur,
1364 2022 1458 2049 cum

246 2094 325 2130 834
