1560 2294
152 1092 218 1126 232

153 1642 216 1675 233

743 105 948 145 CICERO

237 209 383 258 capitis
399 221 474 260 pro
493 222 537 247 se
555 211 643 260 ipse
662 209 782 256 dixit,
801 215 848 248 ut
866 223 949 249 non
966 210 1140 263 supplex
1159 216 1233 250 aut
1249 223 1358 257 reus,
1375 209 1449 250 sed

237 277 449 327 magister,
467 281 540 314 aut
558 276 746 315 dominus
766 277 976 316 videretur
993 291 1082 316 esse
1101 278 1292 317 iudicum.
1338 277 1447 326 Quin

237 344 379 388 etiam,
422 356 516 381 cum
560 346 598 381 ei
642 346 837 395 scriptam
883 347 1112 383 orationem
1159 345 1447 384 disertissimus

235 414 374 448 orator
399 409 542 462 Lysias
567 411 789 457 attulisset,
814 425 952 464 quam,
977 414 1010 450 si
1034 415 1073 450 ei
1096 412 1318 459 videretur,
1343 412 1448 451 edis-

236 482 365 523 ceret,
392 482 440 515 ut
467 491 517 516 ea
542 491 616 529 pro
643 491 686 516 se
715 481 757 516 in
785 479 933 517 iudicio
959 484 1161 526 uteretur,
1188 492 1270 518 non
1295 481 1446 518 invitus

236 543 353 596 legit,
371 549 415 582 et
435 545 648 584 commode
666 548 860 598 scriptam
880 559 969 585 esse
985 547 1091 585 dixit
1109 561 1118 586 ε
1149 546 1158 561 ‘
1173 546 1284 594 Sed‚’
1298 549 1445 599 inquit,

236 609 247 625 ‘
262 616 323 657 ut,
347 614 380 650 si
406 611 506 650 mihi
529 613 685 651 calceos
709 612 918 666 Sicyonios
942 614 1164 660 attulisses,
1183 628 1266 653 non
1292 619 1446 660 uterer,

236 682 422 730 quamvis
448 686 587 719 essent
611 679 768 719 habiles
795 686 839 719 et
864 684 951 732 apti
977 681 1030 720 ad
1053 682 1219 733 pedem,
1244 684 1340 734 quia
1364 695 1446 720 non

237 752 378 785 essent
402 747 536 785 viriles
556 760 566 793 ;
606 750 662 786 sic
687 748 799 786 illam
825 751 1054 787 orationem
1079 748 1276 787 disertam
1300 749 1376 787 sibi
1402 753 1447 788 et

237 816 458 852 oratoriam
478 814 620 861 videri,
634 813 786 854 fortem
803 821 846 854 et
866 815 1022 854 virilem
1037 829 1120 854 non
1139 815 1295 854 videri.'
1336 815 1447 868 Ergo

236 879 304 918 ille
325 894 490 933 quoque
510 881 729 921 damnatus
757 888 822 921 est
839 895 849 929 3
884 895 1020 934 neque
1047 882 1178 922 solum
1196 885 1336 935 primis
1355 896 1446 922 sen-

237 950 393 994 tentiis,
408 949 555 1000 quibus
569 954 735 988 tantum
748 950 992 988 statuebant
1005 950 1173 996 iudices,
1186 950 1445 996 damnarent,

238 1028 290 1052 an
316 1015 590 1063 absolverent,
615 1017 691 1055 sed
716 1019 843 1056 etiam
867 1017 958 1063 illis,
985 1030 1086 1069 quas
1110 1020 1262 1057 iterum
1286 1017 1445 1070 legibus

236 1081 343 1120 ferre
372 1082 595 1122 debebant.
651 1084 754 1123 Erat
783 1087 893 1123 enim
922 1084 1113 1131 Athenis,
1138 1097 1210 1124 reo
1235 1084 1446 1131 damnato,

236 1152 269 1188 si
291 1148 402 1188 fraus
423 1151 607 1202 capitalis
628 1165 710 1190 non
730 1157 854 1198 esset,
870 1154 986 1204 quasi
1005 1165 1164 1204 poenae
1185 1155 1418 1191 aestimatio
1435 1164 1446 1199 ;

237 1222 282 1256 et
313 1220 522 1256 sententia
551 1232 644 1256 cum
674 1218 874 1257 iudicibus
903 1218 1085 1265 daretur,
1114 1220 1446 1272 interrogabatur

236 1297 344 1330 reuS,
384 1298 509 1337 quam
549 1288 665 1337 quasi
704 1288 1036 1325 aestimationem
1074 1290 1363 1326 commeruisse
1401 1300 1445 1326 se

237 1354 416 1390 maxime
451 1352 730 1392 confiteretur.
787 1352 909 1401 Quod
940 1367 1033 1392 cum
1065 1356 1343 1407 interrogatus
1375 1353 1446 1393 So-

237 1425 370 1458 crates
392 1426 516 1466 esset,
532 1420 758 1472 respondit,
782 1434 872 1459 sese
896 1424 1108 1467 meruisse,
1123 1427 1171 1460 ut
1190 1421 1444 1474 amplissimis

237 1486 456 1526 honoribus
476 1493 521 1526 et
538 1490 729 1539 praemiis
749 1487 1025 1535 decoraretur,
1045 1494 1089 1527 et
1108 1490 1146 1527 ei
1164 1491 1294 1528 victus
1313 1491 1445 1541 quoti-

237 1554 381 1593 dianus
405 1557 448 1592 in
471 1554 679 1607 Prytaneo
702 1555 865 1607 publice
889 1556 1186 1608 praeberetur3
1225 1559 1295 1608 qui
1318 1555 1445 1596 honos

237 1622 347 1673 apud
385 1621 563 1660 Graecos
602 1625 804 1661 maximus
842 1622 1032 1662 habetur.
1095 1623 1219 1662 Cuius
1251 1637 1445 1676 responso

236 1692 292 1726 sic
318 1689 471 1728 iudices
499 1696 755 1736 exarserunt,
775 1695 823 1729 ut
849 1692 994 1742 capitis
1021 1689 1230 1729 hominem
1255 1693 1446 1730 innocen-

237 1758 440 1794 tissimum
468 1756 804 1796 condemnarent.
861 1756 942 1805 Qui
974 1757 1141 1809 quidem
1174 1760 1207 1796 si
1236 1758 1445 1797 absolutus

236 1828 346 1861 esset
365 1835 375 1868 3
406 1823 518 1875 quod
533 1822 781 1870 mehercule,
799 1827 960 1863 etiamsi
976 1823 1074 1862 nihil
1092 1824 1144 1863 ad
1159 1838 1232 1863 nos
1248 1828 1444 1877 pertinet,

236 1894 378 1928 tamen
408 1896 577 1942 propter
608 1893 694 1929 eius
724 1894 878 1943 ingenii
910 1891 1239 1943 magnitudinem
1269 1891 1445 1934 vellemz

237 1970 417 2008 quonam
440 1957 562 1995 modo
587 1959 686 1997 istos
710 1957 970 2010 philosophos
994 1956 1102 1997 ferre
1125 1971 1350 2010 possemus.
1374 1962 1443 2012 qui

241 2059 314 2095 166
