1560 2294
747 102 951 143 CICERO

243 219 317 245 nos
343 211 574 246 nostrorum
596 209 797 246 maiorum
819 210 989 247 inventa
1010 222 1129 247 nosse
1152 208 1306 248 debere
1324 222 1335 249 ι
1370 221 1454 248 non

244 270 372 317 vides,
384 277 546 310 veteres
558 271 672 323 leges
686 277 759 310 aut
770 275 859 323 ipsa
871 287 944 311 sua
956 278 1167 312 vetustate
1179 275 1454 320 consenuisse,

244 340 318 374 aut
347 339 460 374 novis
489 335 650 388 legibus
682 350 770 375 esse
801 338 1017 376 sublatas?
1071 337 1194 387 Quod
1222 352 1319 378 vero
1348 341 1452 378 viros

244 401 372 439 bonos
398 403 486 440 iure
508 401 614 439 civili
637 401 724 440 fieri
745 408 883 453 putas,
906 406 1003 455 quia
1023 403 1183 455 legibus
1207 409 1252 443 et
1271 407 1455 456 praemia

245 468 454 518 proposita
470 468 553 505 sint
569 468 803 514 virtutibus,
821 473 865 506 et
881 468 1079 520 supplicia
1094 470 1202 507 vitiis
1222 483 1231 508 :
1263 469 1456 521 equidem

245 531 461 582 putabam,
475 533 673 570 virtutem
691 531 1011 572 hominibus—si
1031 533 1154 572 modo
1173 533 1282 573 tradi
1295 537 1455 574 ratione

245 596 679 647 possit—instituendo
702 602 747 636 et
765 598 1066 649 persuadendo,
1081 612 1164 637 non
1182 602 1316 646 minis,
1337 605 1382 639 et
1402 602 1455 647 vi,

246 674 294 700 ac
312 667 430 700 metu
447 661 568 700 tradi.
625 661 732 701 Nam
750 664 884 714 ipsum
904 663 1071 715 quidem
1089 663 1204 711 illud,
1224 667 1351 704 etiam
1369 668 1457 705 sine

246 729 481 778 cognitione
515 729 626 773 iuris,
660 741 785 779 quam
822 730 877 767 sit
909 728 1078 775 bellum,
1111 743 1256 769 cavere
1289 730 1459 778 malum,

246 794 348 830 scire
367 805 594 844 possumus.

162 859 229 892 248
300 857 366 895 De
382 870 450 896 me
467 863 609 896 autem
625 860 727 910 ipso,
744 861 809 897 eui
825 861 896 897 uni
912 865 959 898 tu
975 860 1178 907 concedis,
1195 866 1256 907 ut,
1273 864 1360 901 sine
1377 862 1459 901 ulla

248 925 344 962 iuris
375 925 560 969 scientia,
590 928 733 962 tamen
763 927 893 963 causis
923 924 1160 964 satisfacere
1188 929 1354 978 possim,
1383 928 1459 966 tibi

248 987 339 1034 hoc,
361 987 520 1034 Crasse,
540 988 784 1040 respondeo,
805 1002 942 1042 neque
967 1003 1035 1028 me
1057 1004 1240 1043 unquam
1260 994 1322 1031 ius
1343 993 1459 1032 civile

249 1052 452 1099 didicisse,
467 1067 603 1105 neque
624 1059 767 1092 tamen
785 1056 828 1092 in
848 1057 906 1093 eis
925 1058 1070 1102 causis,
1086 1069 1187 1108 quas
1206 1059 1249 1095 in
1266 1059 1354 1097 iure
1369 1071 1461 1111 pos-

248 1131 336 1157 sem
356 1117 595 1165 defendere,
615 1133 798 1170 unquam
816 1122 939 1159 istam
958 1124 1172 1160 scientiam
1192 1122 1458 1164 desiderasse.

249 1184 375 1223 Aliud
391 1190 455 1223 est
471 1187 594 1230 enim,
611 1197 700 1223 esse
714 1185 914 1224 artificem
929 1187 1140 1226 cuiusdam
1154 1192 1317 1240 generis
1333 1195 1460 1242 atque

250 1252 363 1296 artis,
382 1249 493 1288 aliud
510 1252 553 1288 in
571 1253 777 1288 communi
795 1253 881 1289 vita
900 1257 944 1290 et
962 1252 1120 1305 vulgari
1137 1252 1348 1293 hominum
1367 1269 1461 1294 con-

165 1322 232 1356 249
250 1315 469 1354 suetudine
500 1328 577 1354 nec
607 1314 818 1362 hebetem,
849 1329 926 1356 nec
956 1318 1114 1357 rudem.
1170 1318 1245 1358 Cui
1275 1326 1460 1360 nostrum

250 1394 332 1420 non
359 1380 458 1419 licet
481 1379 630 1420 fundos
656 1386 815 1420 nostros
845 1383 971 1429 obire,
998 1389 1071 1422 aut
1095 1397 1161 1423 res
1185 1387 1371 1432 rusticas,
1396 1386 1462 1426 vel

250 1446 407 1485 fructus
445 1460 582 1492 causa,
611 1446 676 1485 vel
713 1446 1014 1495 delectationis,
1043 1450 1251 1489 invisere?
1303 1451 1461 1491 Tamen

250 1526 372 1551 nemo
406 1517 494 1551 tam
527 1514 615 1551 sine
649 1511 788 1558 oculis,
822 1519 909 1552 tam
947 1516 1034 1553 sine
1073 1521 1214 1554 mente
1253 1519 1366 1563 vivit,
1399 1523 1461 1564 ut,

251 1578 350 1630 quid
383 1580 437 1616 sit
465 1579 661 1616 sementis
691 1593 738 1618 ac
766 1582 922 1625 messis,
953 1579 1051 1631 quid
1080 1580 1270 1620 arborum
1298 1585 1461 1633 putatio

252 1657 299 1681 ac
337 1645 495 1689 vitium,
529 1656 610 1694 quo
648 1649 836 1695 tempore
875 1647 984 1690 anni,
1023 1650 1096 1683 aut
1133 1659 1215 1697 quo
1252 1647 1374 1686 modo
1412 1661 1462 1687 ea

253 1709 367 1754 fiant,
401 1711 566 1747 omnino
600 1712 768 1748 nesciat.
834 1709 942 1747 Num
975 1712 1115 1762 igitur,
1147 1713 1182 1749 si
1214 1714 1278 1750 cui
1311 1711 1462 1752 fundus

251 1774 540 1825 inspicienduS,
568 1780 641 1813 aut
665 1777 699 1813 si
725 1774 1005 1813 mandandum
1032 1775 1186 1827 aliquid
1209 1781 1460 1828 procuratori

252 1839 304 1878 de
329 1839 592 1891 agricultura,
616 1845 689 1878 aut
712 1839 998 1892 imperandum
1022 1839 1153 1879 villico
1177 1843 1244 1888 sit,
1270 1841 1461 1895 Magonis

252 1903 601 1955 Carthaginiensis
617 1910 714 1943 sunt
728 1904 820 1943 libri
835 1904 1092 1956 perdiscendi
1111 1906 1127 1943 ?
1180 1906 1247 1944 An
1263 1906 1339 1946 hac
1354 1922 1462 1947 com-

252 1970 367 2007 muni
379 1968 665 2022 intellegentia
679 1972 864 2008 contenti
878 1982 966 2008 esse
978 1971 1220 2023 possumus?
1268 1971 1350 2011 Cur
1363 1985 1462 2026 ergo

254 2052 329 2088 180
