1560 2294
761 131 965 171 CICERO
1020 189 1028 193 N

258 232 412 272 nullam
441 236 484 273 in
513 247 629 286 spem
659 248 852 274 veneram
882 249 1001 287 posse
1034 249 1103 275 me
1135 249 1188 275 ex
1222 239 1280 276 eis
1313 235 1468 290 aliquid

258 290 414 329 discere
433 303 444 337 ;
479 293 616 330 inveni
640 297 781 330 autem
802 292 972 331 ridicula
994 298 1038 332 et
1060 293 1166 331 salsa
1186 293 1318 332 multa
1341 293 1468 332 Grae-

258 359 426 393 corum;
468 361 565 386 nam
594 353 639 386 et
667 347 789 386 Siculi
819 351 862 387 in
895 363 944 388 eo
978 362 1131 402 genere
1165 355 1210 388 et
1242 349 1391 389 Rhodii
1423 355 1469 389 et

258 402 446 456 Byzantii
485 410 529 443 et
561 410 728 455 praeter
760 411 920 444 ceteros
953 407 1084 445 Attici
1117 406 1354 452 excellunt3
1394 405 1468 446 sed

258 463 329 512 qui
346 463 432 499 eius
451 464 511 500 rei
530 464 733 500 rationem
753 463 960 514 quandam
980 465 1117 502 conati
1135 468 1233 502 sunt
1251 469 1467 516 artemque

258 518 438 564 tradere,
460 521 516 556 sic
538 518 678 556 insulsi
701 522 966 566 exstiterunt,
989 525 1037 559 ut
1057 519 1158 558 nihil
1186 519 1296 560 aliud
1325 533 1467 559 eorum

175 580 240 613 218
258 576 333 611 nisi
363 577 452 626 ipsa
488 575 695 614 insulsitas
732 576 927 616 rideatur.
986 576 1124 625 Quare
1161 576 1261 615 mihi
1299 577 1466 630 quidem

258 630 368 669 nullo
400 632 523 671 modo
556 632 719 671 videtur
752 633 938 672 doctrina
970 637 1051 673 ista
1087 648 1153 673 res
1191 647 1310 686 posse
1343 634 1464 674 tradi.

257 688 426 727 Etenim
459 703 552 728 cum
586 690 667 728 duo
700 703 855 743 genera
887 693 970 730 sint
1002 690 1260 738 facetiarum,
1290 691 1466 731 alterum

257 745 529 797 aequabiliter
553 749 596 784 in
621 750 731 785 omni
758 761 945 787 sermone
971 747 1122 795 fusum,
1148 748 1325 788 alterum
1349 762 1466 800 pera-

256 807 399 841 cutum
424 809 468 841 et
496 803 635 849 breve,
659 803 728 842 illa
752 818 777 843 a
801 805 1009 844 veteribus
1038 808 1221 857 superior
1248 805 1466 852 cavillatio,

256 857 359 898 haec
396 859 527 901 altera
560 861 754 900 dicacitas
792 864 1004 901 nominata
1037 868 1113 902 est.
1171 862 1284 901 Leve
1314 875 1466 902 nomen

174 913 239 947 219
257 915 385 955 habet
407 923 584 969 utraque
607 918 697 957 res!
727 921 880 971 quippe
903 918 995 958 leve
1019 922 1129 959 enim
1149 926 1213 959 est
1232 925 1370 959 totum
1387 919 1465 959 hoc

258 975 383 1013 risum
401 988 580 1014 movere.
620 974 776 1015 Verum
794 982 951 1023 tamen,
971 982 1020 1015 ut
1038 976 1152 1023 dicis,
1172 977 1343 1024 Antoni,
1362 977 1465 1016 mul-

256 1035 347 1069 tum
369 1033 411 1069 in
431 1035 561 1070 causis
584 1045 784 1085 persaepe
807 1033 947 1085 lepore
967 1039 1013 1073 et
1030 1032 1191 1073 facetiis
1209 1034 1350 1086 profici
1369 1034 1463 1074 vidi.

255 1086 337 1126 Sed
356 1102 449 1127 cum
471 1089 540 1128 illo
559 1092 601 1127 in
620 1103 774 1142 genere
793 1096 1022 1142 perpetuae
1041 1089 1279 1130 festivitatis
1299 1105 1363 1130 ars
1383 1105 1465 1130 non

254 1143 512 1184 desideretur
549 1147 714 1199 (natura
752 1150 862 1185 enim
896 1147 1016 1200 fingit
1048 1147 1233 1187 homines
1270 1154 1314 1188 et
1350 1154 1464 1187 creat

253 1203 481 1241 imitatores
509 1209 553 1242 et
576 1210 807 1243 narratores
835 1203 1008 1251 facetos,
1027 1205 1249 1245 adiuvante
1278 1211 1323 1245 et
1350 1206 1463 1245 voltu

254 1264 299 1297 et
321 1273 420 1298 voce
449 1266 494 1299 et
521 1263 609 1311 ipso
638 1274 792 1313 genere
821 1262 1049 1315 sermonis),
1073 1269 1164 1302 tum
1192 1276 1288 1302 vero
1316 1266 1359 1301 in
1386 1263 1463 1303 hoc

254 1315 384 1355 altero
407 1316 636 1356 dicacitatis
660 1318 760 1370 quid
782 1318 911 1358 habet
934 1333 998 1358 ars
1021 1319 1112 1365 loci,
1131 1333 1225 1359 cum
1245 1326 1343 1359 ante
1363 1320 1463 1360 illud

252 1371 389 1411 facete
404 1373 560 1413 dictum
577 1378 770 1415 emissum
784 1375 954 1415 haerere
970 1377 1138 1424 debeat,
1153 1391 1277 1430 quam
1291 1381 1463 1431 cogitari

171 1430 236 1463 220
253 1433 435 1481 potuisse
464 1432 686 1471 videatur?
740 1433 851 1482 Quid
880 1437 989 1472 enim
1017 1433 1083 1472 hic
1109 1447 1226 1473 meus
1253 1433 1382 1474 frater
1409 1436 1463 1474 ab

254 1493 343 1526 arte
382 1488 563 1527 adiuvari
596 1493 747 1541 potuit,
779 1504 874 1530 cum
907 1504 932 1529 a
964 1490 1152 1543 Philippo
1184 1494 1461 1544 interrogatus

253 1544 352 1596 quid
383 1544 569 1590 latraret,
592 1545 726 1586 furem
749 1560 794 1586 se
817 1547 957 1586 videre
983 1549 1229 1600 respondit?
1285 1548 1396 1597 Quid
1419 1551 1461 1588 in

251 1604 362 1640 omni
390 1605 575 1641 oratione
605 1603 773 1644 Crassus
797 1604 862 1644 vel
885 1605 997 1656 apud
1019 1608 1293 1644 centumviros
1319 1611 1462 1645 contra

251 1657 487 1697 Scaevolam
530 1660 595 1698 vel
637 1667 780 1700 contra
821 1667 1101 1701 accusatorem
1142 1662 1331 1708 Brutum,
1368 1676 1459 1702 cum

250 1728 324 1766 pro
362 1714 436 1753 Cn.
468 1715 618 1755 Planco
654 1717 844 1757 diceret?
901 1718 1008 1757 Nam
1043 1719 1099 1765 id,
1134 1719 1246 1771 quod
1280 1724 1327 1758 tu
1362 1719 1460 1759 mihi

250 1773 410 1818 tribuis,
440 1773 610 1820 Antoni,
640 1774 784 1814 Crasso
818 1781 882 1814 est
915 1779 1097 1814 omnium
1131 1779 1340 1815 sententia
1367 1790 1460 1816 con-

249 1828 493 1868 cedendum.
551 1829 645 1869 Non
687 1834 797 1870 enim
843 1831 931 1870 fere
969 1835 1186 1885 quisquam
1231 1836 1461 1885 reperietur

298 1994 314 2010 ⁰
338 1990 408 2024 For
440 1991 627 2034 Philippus
658 2003 716 2026 see
749 1993 862 2027 Index
892 1993 965 2027 and
1000 1993 1103 2028 Book
1136 1994 1166 2034 1,
1198 1997 1216 2034 3
1245 1997 1303 2035 24,
1334 2005 1456 2039 cupra.

251 2033 260 2047 ‘
272 2033 421 2068 Catulus
434 2035 442 2049 ’
459 2037 501 2069 of
512 2046 637 2070 course
653 2037 683 2070 is
700 2036 807 2071 Latin
823 2038 880 2071 for
894 2049 918 2072 a
934 2037 1022 2071 little
1037 2037 1122 2081 dog.

248 2100 324 2136 858
