1560 2294
788 128 992 169 CICERO

504 239 674 280 Effertur,
692 241 797 280 imus,
815 240 863 274 ad
879 239 1084 284 sepulcrum
1099 241 1276 280 venimus,

504 291 548 325 In
564 293 685 335 ignem
702 293 870 336 imposita
886 295 950 332 est,

286 376 390 416 fere¹
428 377 574 416 decem
609 377 814 417 versiculis
853 383 990 417 totum
1027 376 1227 416 conficere
1267 378 1496 428 potuissem

287 453 538 492 quamquam
561 440 639 479 hoc
660 443 796 492 ipsum
819 440 828 454 ‘
845 439 1026 486 effertur,
1049 442 1154 479 imus
1170 438 1180 453 ’
1202 441 1408 478 concisum
1431 443 1496 477 est

286 505 346 541 ita
361 508 409 541 ut
423 516 505 541 non
525 503 720 542 brevitati
740 506 938 542 servitum
957 506 1011 541 sit
1030 502 1103 541 sed
1122 504 1253 555 magis
1273 503 1493 540 venustati.

202 568 268 602 328
287 564 443 613 Quodsi
479 565 580 603 nihil
612 564 759 604 fuisset
789 568 866 604 nisi
905 565 972 603 ‘in
1005 568 1145 617 ignem
1176 566 1369 616 imposita
1402 562 1494 610 est,’

287 633 428 666 tamen
461 641 526 667 res
561 634 653 667 tota
686 631 875 681 cognosci
908 627 1028 666 facile
1063 629 1293 679 potuisset3
1342 626 1417 665 sed
1450 630 1496 665 et

286 689 558 730 festivitatem
598 690 727 730 habet
768 693 948 729 narratio
990 690 1186 729 distincta
1225 691 1408 742 personis
1450 693 1495 727 et

284 755 549 805 interpuncta
574 754 844 799 sermonibus,
870 759 914 792 et
943 759 1008 792 est
1034 759 1079 792 et
1105 751 1355 805 probabilius
1384 750 1495 804 quod

283 821 448 868 gestum
480 829 568 855 esse
604 816 715 855 dicas
746 830 840 855 cum
877 815 1227 868 quemadmodum
1265 820 1404 853 actum
1440 816 1495 852 sit

284 892 480 930 exponas,
506 885 550 918 et
574 879 706 918 multo
732 881 916 931 apertius
942 879 996 917 ad
1019 877 1348 930 intellegendum
1373 882 1437 916 est
1460 877 1494 915 si

283 944 548 981 constituitur
575 941 794 994 aliquando
820 955 868 980 ac
893 955 976 980 non
998 944 1078 980 ista
1103 941 1309 980 brevitate
1331 952 1495 992 percur-

199 1006 266 1039 329
283 1007 398 1042 ritur.
454 1005 657 1056 Apertam
679 1007 790 1043 enim
810 1007 1088 1043 narrationem
1109 1009 1198 1042 tam
1219 1015 1308 1042 esse
1329 1007 1495 1054 oportet

284 1080 409 1118 quam
428 1073 583 1113 cetera,
603 1067 677 1106 sed
698 1066 775 1106 hoc
794 1069 925 1119 magis
944 1069 987 1104 in
1005 1066 1083 1105 hac
1102 1065 1396 1104 elaborandum
1415 1070 1494 1110 est,

283 1129 394 1181 quod
417 1136 462 1168 et
486 1130 684 1168 difficilius
711 1135 776 1168 est
797 1143 880 1168 non
906 1142 995 1168 esse
1019 1130 1236 1168 obscurum
1263 1130 1307 1166 in
1333 1140 1379 1166 re
1402 1140 1494 1166 nar-

282 1192 412 1231 randa
440 1206 565 1244 quam
595 1198 668 1231 aut
695 1195 739 1230 in
765 1194 963 1244 principio
993 1197 1066 1230 aut
1093 1194 1136 1229 in
1165 1189 1493 1243 argumentando

284 1260 358 1293 aut
389 1257 432 1293 in
464 1255 709 1306 perorando,
746 1259 791 1293 et
827 1257 982 1293 maiore
1015 1256 1142 1293 etiam
1173 1253 1354 1305 periculo
1390 1252 1493 1292 haec

282 1331 377 1369 pars
401 1321 596 1356 orationis
629 1318 801 1356 obscura
830 1323 895 1356 est
919 1330 1044 1369 quam
1069 1322 1248 1362 ceterae,
1283 1315 1349 1354 vel
1382 1317 1492 1367 quia,

283 1383 316 1419 si
336 1394 417 1432 quo
434 1380 512 1419 alio
535 1384 578 1419 in
595 1381 684 1419 loco
705 1385 769 1418 est
788 1379 945 1418 dictum
968 1379 1067 1432 quid
1086 1379 1308 1424 obscurius,
1327 1383 1492 1417 tantum

282 1443 324 1482 id
343 1445 451 1494 perit
477 1443 588 1495 quod
607 1446 667 1482 ita
686 1443 843 1481 dictum
863 1448 941 1489 est,
960 1444 1140 1481 narratio
1159 1441 1331 1480 obscura
1358 1446 1492 1479 totam

280 1511 471 1544 occaecat
506 1509 749 1552 orationem,
777 1504 843 1543 vel
877 1505 988 1557 quod
1019 1505 1098 1543 alia
1127 1505 1270 1555 possis,
1298 1503 1426 1542 semel
1457 1505 1490 1542 si

281 1569 488 1607 obscurius
509 1569 674 1614 dixeris,
694 1568 830 1606 dicere
851 1568 929 1606 alio
948 1567 1036 1606 loco
1055 1567 1230 1618 planius,
1249 1568 1490 1605 narrationis

281 1645 386 1669 unus
424 1637 488 1670 est
527 1634 570 1669 in
603 1644 726 1669 causa
765 1630 888 1669 locus.
962 1630 1054 1668 Erit
1094 1634 1236 1667 autem
1275 1631 1490 1680 perspicua

281 1696 461 1732 narratio
490 1696 522 1732 si
551 1694 684 1732 verbis
714 1695 890 1739 usitatis,
919 1695 953 1731 si
975 1693 1118 1731 ordine
1146 1697 1380 1742 temporum
1408 1703 1490 1730 ser-

197 1761 265 1794 330
282 1762 392 1802 vato,
421 1759 455 1795 si
483 1770 565 1794 non
598 1759 829 1806 interrupte
859 1756 1102 1794 narrabitur.
1175 1753 1365 1792 LXXXI.
1407 1752 1490 1792 Sed

283 1818 448 1870 quando
478 1818 680 1857 utendum
708 1821 762 1856 sit
791 1823 865 1856 aut
892 1830 974 1855 non
1002 1820 1056 1856 sit
1083 1819 1332 1862 narratione,
1355 1815 1399 1854 id
1425 1820 1490 1854 est

688 1905 701 1924 ¹
723 1906 797 1938 fere
811 1916 878 1939 om.
895 1905 995 1938 codd.
1011 1907 1084 1947 opt.

654 2035 671 2051 ⁰
694 2031 860 2070 Terence,
879 2030 1027 2065 Andria
1048 2032 1123 2063 117.

280 2097 356 2132 446
