1560 2294
781 114 986 155 CICERO

275 219 399 259 lentis
415 220 626 259 cuiusdam
644 225 708 259 est
732 222 873 272 ingeni
891 233 938 258 ac
954 219 1168 271 singularis
1187 231 1198 266 3
1228 220 1292 257 cui
1319 217 1485 270 quidem

276 293 459 343 portenti
479 291 609 330 simile
631 304 720 330 esse
740 293 872 329 visum
892 296 957 329 est
975 303 1095 342 posse
1116 289 1296 342 aliquem
1314 291 1486 328 inveniri

277 367 483 400 oratorem
498 365 568 414 qui
589 362 743 414 aliquid
756 361 854 400 mali
872 360 1030 401 faceret
1049 360 1223 400 dicendo
1238 361 1486 412 obessetque

193 438 258 471 299
277 435 316 471 ei
341 446 465 485 quem
491 432 737 472 defenderet
756 447 766 480 3
797 432 898 471 facit
924 436 1034 471 enim
1053 432 1105 471 de
1124 445 1168 470 se
1194 434 1486 477 coniecturam,

276 506 389 542 cuius
414 509 534 544 tanta
556 508 614 543 vis
640 506 780 557 ingeni
807 509 871 543 est
896 510 945 543 ut
969 506 1178 543 neminem
1196 505 1273 542 nisi
1301 502 1486 542 consulto

275 580 399 625 putet
421 576 533 627 quod
557 581 701 615 contra
715 588 760 614 se
775 577 910 627 ipsum
936 578 990 614 sit
1015 574 1151 613 dicere
1170 587 1180 620 ;
1211 573 1285 613 sed
1301 587 1379 626 ego
1403 586 1487 612 non

276 645 329 684 de
347 650 576 697 praestanti
595 646 775 699 quadam
790 651 835 685 et
854 648 1005 685 eximia
1023 645 1098 684 sed
1112 658 1240 697 prope
1260 644 1313 684 de
1330 644 1487 697 vulgari

275 722 320 755 et
355 721 562 756 communi
599 720 639 756 vi
675 731 784 756 nunc
820 717 999 769 disputo.
1056 717 1123 755 Ita
1159 715 1270 768 apud
1307 715 1485 755 Graecos

272 786 404 826 fertur
431 788 658 827 incredibili
683 788 863 840 quadam
884 787 1170 840 magnitudine
1196 786 1336 826 consili
1357 792 1484 839 atque

270 860 411 911 ingeni
425 859 690 898 Atheniensis
709 859 777 898 ille
796 858 922 897 fuisse
935 857 1231 897 Themistocles
1248 870 1260 904 ;
1288 857 1342 897 ad
1359 870 1485 909 quem

273 929 442 981 quidam
473 930 618 969 doctus
647 929 771 969 homo
803 936 930 982 atque
960 932 1003 968 in
1032 932 1172 981 primis
1204 929 1388 968 eruditus
1419 941 1484 967 ac-

274 1003 443 1040 cessisse
481 1001 630 1040 dicitur
664 1004 785 1053 eique
819 1006 954 1040 artem
986 1003 1224 1047 memoriae,
1252 1012 1359 1052 quae
1393 1005 1484 1038 tum

273 1074 451 1123 primum
472 1071 774 1124 proferebatur,
797 1071 1000 1124 pollicitus
1025 1085 1114 1110 esse
1137 1085 1182 1110 se
1205 1071 1483 1117 traditurum3

271 1156 365 1181 cum
384 1143 452 1182 ille
478 1146 707 1195 quaesisset
735 1143 932 1195 quidnam
957 1143 1026 1181 illa
1054 1156 1118 1181 ars
1143 1142 1303 1181 efficere
1328 1146 1483 1193 posset,

271 1213 421 1252 dixisse
459 1214 573 1252 illum
610 1214 822 1253 doctorem
855 1219 903 1253 ut
940 1216 1077 1253 omnia
1113 1215 1398 1259 meminisset;
1437 1217 1482 1251 et

268 1286 310 1323 ei
337 1284 655 1324 Themistoclem
680 1285 938 1336 respondisse
964 1287 1121 1337 gratius
1149 1284 1224 1323 sibi
1251 1283 1366 1322 illum
1392 1296 1481 1322 esse

270 1354 477 1394 facturum
527 1359 560 1394 si
610 1369 655 1395 se
710 1355 891 1394 oblivisci
941 1369 1048 1407 quae
1098 1355 1224 1394 vellet
1274 1367 1399 1406 quam
1447 1356 1481 1393 si

188 1429 255 1463 300
271 1429 506 1465 meminisse
539 1426 758 1466 docuisset.
813 1426 992 1465 Videsne
1023 1439 1130 1478 quae
1159 1428 1218 1465 vis
1245 1427 1289 1464 in
1315 1424 1480 1464 homine

271 1500 457 1536 acerrimi
476 1500 630 1550 ingeni,
644 1511 769 1550 quam
787 1503 936 1550 potens
957 1503 1001 1536 et
1020 1502 1177 1549 quanta
1188 1509 1305 1536 mens
1323 1494 1480 1535 fuerit?

270 1571 340 1620 qui
361 1571 422 1607 ita
441 1569 701 1620 responderit
723 1574 771 1607 ut
798 1568 1042 1620 intellegere
1069 1581 1280 1620 possemus
1302 1566 1401 1606 nihil
1426 1580 1479 1606 ex

269 1639 374 1678 illius
417 1642 553 1678 animo
591 1639 702 1691 quod
748 1639 878 1678 semel
924 1644 1034 1678 esset
1080 1638 1260 1678 infusum
1297 1651 1479 1690 unquam

269 1710 435 1749 effluere
468 1713 665 1762 potuisse,
698 1724 792 1750 cum
826 1710 993 1762 quidem
1027 1712 1066 1748 ei
1101 1708 1229 1749 fuerit
1260 1709 1479 1761 optabilius

271 1781 451 1820 oblivisci
479 1794 598 1832 posse
632 1784 769 1832 potius
798 1781 910 1833 quod
937 1783 1170 1819 meminisse
1199 1780 1328 1819 nollet
1355 1793 1480 1832 quam

270 1851 381 1904 quod
423 1851 552 1890 semel
595 1852 778 1891 audisset
825 1851 1043 1890 vidissetve
1086 1853 1333 1890 meminisse.
1398 1850 1480 1890 Sed

270 1936 406 1975 neque
425 1928 596 1974 propter
618 1921 695 1961 hoc
717 1922 982 1961 Themistocli
1000 1935 1240 1974 responsum
1257 1924 1480 1961 memoriae

270 1994 386 2032 nobis
411 2006 538 2045 opera
558 1993 696 2032 danda
716 2007 799 2033 non
821 1999 886 2032 est
910 2006 1046 2045 neque
1068 1993 1138 2032 illa
1158 2006 1254 2033 mea
1278 1995 1415 2032 cautio
1436 1997 1480 2033 et

269 2079 345 2115 426
