<?xml version="1.0" encoding="UTF-8"?>
<!DOCTYPE html PUBLIC "-//W3C//DTD XHTML 1.0 Transitional//EN"
    "http://www.w3.org/TR/xhtml1/DTD/xhtml1-transitional.dtd">
<html xmlns="http://www.w3.org/1999/xhtml" xml:lang="en" lang="en">
 <head>
  <title>
</title>
<meta http-equiv="Content-Type" content="text/html;charset=utf-8" />
  <meta name='ocr-system' content='tesseract 3.04.00' />
  <meta name='ocr-capabilities' content='ocr_page ocr_carea ocr_par ocr_line ocrx_word'/>
</head>
<body>
  <div class='ocr_page' id='page_1' title='image "./cicerodeoratore01ciceuoft_0244.png"; bbox 0 0 1560 2294; ppageno 0'>
   <div class='ocr_carea' id='block_1_1' title="bbox 731 94 935 135">
    <p class='ocr_par' dir='ltr' id='par_1_1' title="bbox 731 94 935 135">
     <span class='ocr_line' id='line_1_1' title="bbox 731 94 935 135; baseline 0.005 -1"><span class='ocrx_word' id='word_1_1' title='bbox 731 94 935 135; x_wconf 91' lang='lat' dir='ltr'>CICERO</span> 
     </span>
    </p>
   </div>
   <div class='ocr_carea' id='block_1_2' title="bbox 165 199 1440 1812">
    <p class='ocr_par' dir='ltr' id='par_1_2' title="bbox 225 199 1438 418">
     <span class='ocr_line' id='line_1_2' title="bbox 225 199 1438 250; baseline 0.001 -12"><span class='ocrx_word' id='word_1_2' title='bbox 225 213 316 238; x_wconf 90' lang='lat' dir='ltr'>raro</span> <span class='ocrx_word' id='word_1_3' title='bbox 349 199 485 246; x_wconf 88' lang='lat' dir='ltr'>datur,</span> <span class='ocrx_word' id='word_1_4' title='bbox 523 205 567 238; x_wconf 94' lang='lat' dir='ltr'>et</span> <span class='ocrx_word' id='word_1_5' title='bbox 603 212 711 237; x_wconf 93' lang='lat' dir='ltr'>nunc</span> <span class='ocrx_word' id='word_1_6' title='bbox 747 204 968 250; x_wconf 89' lang='lat' dir='ltr'>peroptato</span> <span class='ocrx_word' id='word_1_7' title='bbox 1005 199 1121 237; x_wconf 91' lang='lat' dir='ltr'>nobis</span> <span class='ocrx_word' id='word_1_8' title='bbox 1155 199 1300 238; x_wconf 89' lang='lat' dir='ltr'>datum</span> <span class='ocrx_word' id='word_1_9' title='bbox 1338 199 1438 239; x_wconf 79' lang='lat' dir='ltr'>est?</span> 
     </span>
     <span class='ocr_line' id='line_1_3' title="bbox 228 258 1436 312; baseline 0 -14"><span class='ocrx_word' id='word_1_10' title='bbox 228 260 314 298; x_wconf 91' lang='lat' dir='ltr'>Aut</span> <span class='ocrx_word' id='word_1_11' title='bbox 332 259 518 298; x_wconf 86' lang='lat' dir='ltr'>homines</span> <span class='ocrx_word' id='word_1_12' title='bbox 542 260 595 297; x_wconf 89' lang='lat' dir='ltr'>ab</span> <span class='ocrx_word' id='word_1_13' title='bbox 618 258 695 297; x_wconf 90' lang='lat' dir='ltr'>hoc</span> <span class='ocrx_word' id='word_1_14' title='bbox 718 272 872 311; x_wconf 85' lang='lat' dir='ltr'><strong>genere</strong></span> <span class='ocrx_word' id='word_1_15' title='bbox 896 259 1186 311; x_wconf 76' lang='lat' dir='ltr'><strong>disputationis</strong></span> <span class='ocrx_word' id='word_1_16' title='bbox 1210 259 1346 306; x_wconf 88' lang='lat' dir='ltr'>alieni,</span> <span class='ocrx_word' id='word_1_17' title='bbox 1365 262 1436 312; x_wconf 90' lang='lat' dir='ltr'>qui</span> 
     </span>
     <span class='ocr_line' id='line_1_4' title="bbox 227 318 1436 365; baseline 0 -7"><span class='ocrx_word' id='word_1_18' title='bbox 227 333 368 358; x_wconf 91' lang='lat' dir='ltr'>omnes</span> <span class='ocrx_word' id='word_1_19' title='bbox 398 322 436 358; x_wconf 92' lang='lat' dir='ltr'>ei</span> <span class='ocrx_word' id='word_1_20' title='bbox 459 332 613 365; x_wconf 90' lang='lat' dir='ltr'>sumus,</span> <span class='ocrx_word' id='word_1_21' title='bbox 644 324 692 357; x_wconf 94' lang='lat' dir='ltr'>ut</span> <span class='ocrx_word' id='word_1_22' title='bbox 724 321 812 357; x_wconf 92' lang='lat' dir='ltr'>sine</span> <span class='ocrx_word' id='word_1_23' title='bbox 846 318 908 357; x_wconf 93' lang='lat' dir='ltr'>his</span> <span class='ocrx_word' id='word_1_24' title='bbox 942 318 1088 357; x_wconf 87' lang='lat' dir='ltr'>studiis</span> <span class='ocrx_word' id='word_1_25' title='bbox 1121 322 1250 358; x_wconf 90' lang='lat' dir='ltr'>vitam</span> <span class='ocrx_word' id='word_1_26' title='bbox 1282 319 1436 358; x_wconf 87' lang='lat' dir='ltr'>nullam</span> 
     </span>
     <span class='ocr_line' id='line_1_5' title="bbox 228 380 567 418; baseline -0.003 0"><span class='ocrx_word' id='word_1_27' title='bbox 228 393 317 418; x_wconf 91' lang='lat' dir='ltr'>esse</span> <span class='ocrx_word' id='word_1_28' title='bbox 337 380 533 418; x_wconf 85' lang='lat' dir='ltr'>ducamus</span> <span class='ocrx_word' id='word_1_29' title='bbox 552 380 567 417; x_wconf 88' lang='lat'>?</span> 
     </span>
    </p>

    <p class='ocr_par' dir='ltr' id='par_1_3' title="bbox 165 438 1439 1152">
     <span class='ocr_line' id='line_1_6' title="bbox 165 438 1437 491; baseline 0 -13"><span class='ocrx_word' id='word_1_30' title='bbox 165 451 206 483; x_wconf 90' lang='lat'>21</span> <span class='ocrx_word' id='word_1_31' title='bbox 279 439 429 479; x_wconf 88' lang='lat' dir='ltr'>Omnia</span> <span class='ocrx_word' id='word_1_32' title='bbox 457 442 550 484; x_wconf 90' lang='lat' dir='ltr'>ista,</span> <span class='ocrx_word' id='word_1_33' title='bbox 575 441 710 490; x_wconf 90' lang='lat' dir='ltr'>inquit</span> <span class='ocrx_word' id='word_1_34' title='bbox 738 438 920 484; x_wconf 87' lang='lat' dir='ltr'>Crassus,</span> <span class='ocrx_word' id='word_1_35' title='bbox 947 452 1025 491; x_wconf 87' lang='lat' dir='ltr'>ego</span> <span class='ocrx_word' id='word_1_36' title='bbox 1054 438 1132 477; x_wconf 90' lang='lat' dir='ltr'>alio</span> <span class='ocrx_word' id='word_1_37' title='bbox 1160 439 1283 478; x_wconf 92' lang='lat' dir='ltr'>modo</span> <span class='ocrx_word' id='word_1_38' title='bbox 1310 442 1437 478; x_wconf 92' lang='lat' dir='ltr'>inter-</span> 
     </span>
     <span class='ocr_line' id='line_1_7' title="bbox 226 498 1436 551; baseline 0 -13"><span class='ocrx_word' id='word_1_39' title='bbox 226 505 380 551; x_wconf 89' lang='lat' dir='ltr'>pretor,</span> <span class='ocrx_word' id='word_1_40' title='bbox 399 501 469 551; x_wconf 92' lang='lat' dir='ltr'>qui</span> <span class='ocrx_word' id='word_1_41' title='bbox 486 502 664 551; x_wconf 91' lang='lat' dir='ltr'>primum</span> <span class='ocrx_word' id='word_1_42' title='bbox 682 498 945 550; x_wconf 79' lang='lat' dir='ltr'>palaestram,</span> <span class='ocrx_word' id='word_1_43' title='bbox 965 504 1009 537; x_wconf 93' lang='lat' dir='ltr'>et</span> <span class='ocrx_word' id='word_1_44' title='bbox 1037 499 1170 545; x_wconf 89' lang='lat' dir='ltr'>sedes,</span> <span class='ocrx_word' id='word_1_45' title='bbox 1190 505 1234 538; x_wconf 87' lang='lat' dir='ltr'>et</span> <span class='ocrx_word' id='word_1_46' title='bbox 1256 502 1436 551; x_wconf 87' lang='lat' dir='ltr'>porticus</span> 
     </span>
     <span class='ocr_line' id='line_1_8' title="bbox 229 559 1437 610; baseline 0 -12"><span class='ocrx_word' id='word_1_47' title='bbox 229 562 354 598; x_wconf 87' lang='lat' dir='ltr'>etiam</span> <span class='ocrx_word' id='word_1_48' title='bbox 387 562 509 610; x_wconf 91' lang='lat' dir='ltr'>ipsos,</span> <span class='ocrx_word' id='word_1_49' title='bbox 541 559 702 605; x_wconf 81' lang='lat' dir='ltr'><strong>Catule,</strong></span> <span class='ocrx_word' id='word_1_50' title='bbox 734 559 912 597; x_wconf 88' lang='lat' dir='ltr'>Graecos</span> <span class='ocrx_word' id='word_1_51' title='bbox 946 561 1250 598; x_wconf 79' lang='lat' dir='ltr'><strong>exercitationis</strong></span> <span class='ocrx_word' id='word_1_52' title='bbox 1285 564 1330 598; x_wconf 91' lang='lat' dir='ltr'>et</span> <span class='ocrx_word' id='word_1_53' title='bbox 1366 559 1437 598; x_wconf 92' lang='lat' dir='ltr'>de-</span> 
     </span>
     <span class='ocr_line' id='line_1_9' title="bbox 228 619 1437 670; baseline -0.001 -12"><span class='ocrx_word' id='word_1_54' title='bbox 228 620 457 659; x_wconf 91' lang='lat' dir='ltr'>lectationis</span> <span class='ocrx_word' id='word_1_55' title='bbox 491 632 614 657; x_wconf 88' lang='lat' dir='ltr'>causa</span> <span class='ocrx_word' id='word_1_56' title='bbox 650 632 733 658; x_wconf 91' lang='lat' dir='ltr'>non</span> <span class='ocrx_word' id='word_1_57' title='bbox 766 619 1054 670; x_wconf 78' lang='lat' dir='ltr'>disputationis</span> <span class='ocrx_word' id='word_1_58' title='bbox 1090 622 1293 658; x_wconf 90' lang='lat' dir='ltr'>invenisse</span> <span class='ocrx_word' id='word_1_59' title='bbox 1331 620 1437 658; x_wconf 90' lang='lat' dir='ltr'>arbi-</span> 
     </span>
     <span class='ocr_line' id='line_1_10' title="bbox 227 679 1438 731; baseline 0 -13"><span class='ocrx_word' id='word_1_60' title='bbox 227 685 324 719; x_wconf 88' lang='lat' dir='ltr'>tror.</span> <span class='ocrx_word' id='word_1_61' title='bbox 378 679 485 717; x_wconf 86' lang='lat' dir='ltr'>Nam</span> <span class='ocrx_word' id='word_1_62' title='bbox 505 684 549 717; x_wconf 94' lang='lat' dir='ltr'>et</span> <span class='ocrx_word' id='word_1_63' title='bbox 568 679 739 717; x_wconf 87' lang='lat' dir='ltr'>saeculis</span> <span class='ocrx_word' id='word_1_64' title='bbox 758 679 898 717; x_wconf 89' lang='lat' dir='ltr'>multis</span> <span class='ocrx_word' id='word_1_65' title='bbox 918 684 1016 717; x_wconf 86' lang='lat' dir='ltr'>ante</span> <span class='ocrx_word' id='word_1_66' title='bbox 1035 681 1251 731; x_wconf 88' lang='lat' dir='ltr'>gymnasia</span> <span class='ocrx_word' id='word_1_67' title='bbox 1268 681 1438 718; x_wconf 87' lang='lat' dir='ltr'>inventa</span> 
     </span>
     <span class='ocr_line' id='line_1_11' title="bbox 228 738 1438 791; baseline 0 -13"><span class='ocrx_word' id='word_1_68' title='bbox 228 745 338 786; x_wconf 91' lang='lat' dir='ltr'>sunt,</span> <span class='ocrx_word' id='word_1_69' title='bbox 366 753 491 791; x_wconf 90' lang='lat' dir='ltr'>quam</span> <span class='ocrx_word' id='word_1_70' title='bbox 520 741 563 777; x_wconf 92' lang='lat' dir='ltr'>in</span> <span class='ocrx_word' id='word_1_71' title='bbox 593 741 651 777; x_wconf 88' lang='lat' dir='ltr'>eis</span> <span class='ocrx_word' id='word_1_72' title='bbox 680 738 910 790; x_wconf 89' lang='lat' dir='ltr'>philosophi</span> <span class='ocrx_word' id='word_1_73' title='bbox 939 741 1094 790; x_wconf 85' lang='lat' dir='ltr'>garrire</span> <span class='ocrx_word' id='word_1_74' title='bbox 1123 744 1363 791; x_wconf 89' lang='lat' dir='ltr'>coeperunt,</span> <span class='ocrx_word' id='word_1_75' title='bbox 1394 744 1438 778; x_wconf 93' lang='lat' dir='ltr'>et</span> 
     </span>
     <span class='ocr_line' id='line_1_12' title="bbox 228 797 1438 851; baseline -0.002 -13"><span class='ocrx_word' id='word_1_76' title='bbox 228 799 304 838; x_wconf 93' lang='lat' dir='ltr'>hoc</span> <span class='ocrx_word' id='word_1_77' title='bbox 332 802 420 851; x_wconf 92' lang='lat' dir='ltr'>ipso</span> <span class='ocrx_word' id='word_1_78' title='bbox 449 804 651 850; x_wconf 89' lang='lat' dir='ltr'>tempore,</span> <span class='ocrx_word' id='word_1_79' title='bbox 680 812 774 837; x_wconf 94' lang='lat' dir='ltr'>cum</span> <span class='ocrx_word' id='word_1_80' title='bbox 802 800 940 837; x_wconf 88' lang='lat' dir='ltr'>omnia</span> <span class='ocrx_word' id='word_1_81' title='bbox 967 801 1182 850; x_wconf 84' lang='lat' dir='ltr'>gymnasia</span> <span class='ocrx_word' id='word_1_82' title='bbox 1209 797 1438 850; x_wconf 89' lang='lat' dir='ltr'>philosophi</span> 
     </span>
     <span class='ocr_line' id='line_1_13' title="bbox 229 858 1438 910; baseline -0.002 -12"><span class='ocrx_word' id='word_1_83' title='bbox 229 865 416 905; x_wconf 87' lang='lat' dir='ltr'>teneant,</span> <span class='ocrx_word' id='word_1_84' title='bbox 432 864 574 897; x_wconf 89' lang='lat' dir='ltr'>tamen</span> <span class='ocrx_word' id='word_1_85' title='bbox 595 871 736 897; x_wconf 93' lang='lat' dir='ltr'>eorum</span> <span class='ocrx_word' id='word_1_86' title='bbox 752 859 959 897; x_wconf 87' lang='lat' dir='ltr'>auditores</span> <span class='ocrx_word' id='word_1_87' title='bbox 975 858 1132 897; x_wconf 90' lang='lat' dir='ltr'>discum</span> <span class='ocrx_word' id='word_1_88' title='bbox 1152 858 1294 897; x_wconf 89' lang='lat' dir='ltr'>audire</span> <span class='ocrx_word' id='word_1_89' title='bbox 1313 871 1438 910; x_wconf 89' lang='lat' dir='ltr'>quam</span> 
     </span>
     <span class='ocr_line' id='line_1_14' title="bbox 228 918 1439 971; baseline -0.001 -14"><span class='ocrx_word' id='word_1_90' title='bbox 228 918 515 971; x_wconf 91' lang='lat' dir='ltr'>philosophum</span> <span class='ocrx_word' id='word_1_91' title='bbox 551 918 740 957; x_wconf 87' lang='lat' dir='ltr'>malunt:</span> <span class='ocrx_word' id='word_1_92' title='bbox 791 921 861 970; x_wconf 93' lang='lat' dir='ltr'>qui</span> <span class='ocrx_word' id='word_1_93' title='bbox 899 918 1019 956; x_wconf 90' lang='lat' dir='ltr'>simul</span> <span class='ocrx_word' id='word_1_94' title='bbox 1055 924 1104 957; x_wconf 91' lang='lat' dir='ltr'>ut</span> <span class='ocrx_word' id='word_1_95' title='bbox 1144 920 1361 970; x_wconf 89' lang='lat' dir='ltr'>increpuit,</span> <span class='ocrx_word' id='word_1_96' title='bbox 1396 921 1439 956; x_wconf 93' lang='lat' dir='ltr'>in</span> 
     </span>
     <span class='ocr_line' id='line_1_15' title="bbox 229 978 1439 1031; baseline -0.002 -13"><span class='ocrx_word' id='word_1_97' title='bbox 229 980 366 1019; x_wconf 90' lang='lat' dir='ltr'>media</span> <span class='ocrx_word' id='word_1_98' title='bbox 388 982 572 1018; x_wconf 90' lang='lat' dir='ltr'>oratione</span> <span class='ocrx_word' id='word_1_99' title='bbox 595 979 648 1017; x_wconf 93' lang='lat' dir='ltr'>de</span> <span class='ocrx_word' id='word_1_100' title='bbox 670 981 858 1017; x_wconf 88' lang='lat' dir='ltr'>maximis</span> <span class='ocrx_word' id='word_1_101' title='bbox 880 979 1003 1017; x_wconf 93' lang='lat' dir='ltr'>rebus</span> <span class='ocrx_word' id='word_1_102' title='bbox 1027 984 1071 1017; x_wconf 91' lang='lat' dir='ltr'>et</span> <span class='ocrx_word' id='word_1_103' title='bbox 1091 980 1337 1031; x_wconf 87' lang='lat' dir='ltr'>gravissimis</span> <span class='ocrx_word' id='word_1_104' title='bbox 1360 978 1439 1017; x_wconf 88' lang='lat' dir='ltr'>dis-</span> 
     </span>
     <span class='ocr_line' id='line_1_16' title="bbox 229 1037 1439 1091; baseline -0.002 -13"><span class='ocrx_word' id='word_1_105' title='bbox 229 1045 448 1091; x_wconf 88' lang='lat' dir='ltr'>putantem</span> <span class='ocrx_word' id='word_1_106' title='bbox 472 1038 758 1090; x_wconf 90' lang='lat' dir='ltr'>philosophum</span> <span class='ocrx_word' id='word_1_107' title='bbox 782 1051 924 1077; x_wconf 91' lang='lat' dir='ltr'>omnes</span> <span class='ocrx_word' id='word_1_108' title='bbox 948 1040 1150 1077; x_wconf 90' lang='lat' dir='ltr'>unctionis</span> <span class='ocrx_word' id='word_1_109' title='bbox 1174 1051 1297 1077; x_wconf 88' lang='lat' dir='ltr'>causa</span> <span class='ocrx_word' id='word_1_110' title='bbox 1318 1037 1439 1076; x_wconf 89' lang='lat' dir='ltr'>relin-</span> 
     </span>
     <span class='ocr_line' id='line_1_17' title="bbox 230 1098 1439 1152; baseline -0.002 -14"><span class='ocrx_word' id='word_1_111' title='bbox 230 1105 363 1152; x_wconf 94' lang='lat' dir='ltr'>quunt</span> <span class='ocrx_word' id='word_1_112' title='bbox 382 1113 391 1138; x_wconf 91' lang='lat'>:</span> <span class='ocrx_word' id='word_1_113' title='bbox 422 1102 482 1137; x_wconf 88' lang='lat' dir='ltr'>ita</span> <span class='ocrx_word' id='word_1_114' title='bbox 497 1099 744 1137; x_wconf 89' lang='lat' dir='ltr'>levissimam</span> <span class='ocrx_word' id='word_1_115' title='bbox 761 1098 1081 1137; x_wconf 89' lang='lat' dir='ltr'>delectationem</span> <span class='ocrx_word' id='word_1_116' title='bbox 1097 1100 1375 1151; x_wconf 87' lang='lat' dir='ltr'>gravissimae,</span> <span class='ocrx_word' id='word_1_117' title='bbox 1392 1103 1439 1137; x_wconf 95' lang='lat' dir='ltr'>ut</span> 
     </span>
    </p>

    <p class='ocr_par' dir='ltr' id='par_1_4' title="bbox 168 1157 1439 1324">
     <span class='ocr_line' id='line_1_18' title="bbox 168 1157 1439 1211; baseline -0.002 -13"><span class='ocrx_word' id='word_1_118' title='bbox 168 1171 212 1203; x_wconf 83' lang='lat'>22</span> <span class='ocrx_word' id='word_1_119' title='bbox 229 1162 306 1211; x_wconf 90' lang='lat' dir='ltr'>ipsi</span> <span class='ocrx_word' id='word_1_120' title='bbox 321 1158 475 1205; x_wconf 86' lang='lat' dir='ltr'>ferunt,</span> <span class='ocrx_word' id='word_1_121' title='bbox 492 1158 663 1197; x_wconf 86' lang='lat' dir='ltr'>utilitati</span> <span class='ocrx_word' id='word_1_122' title='bbox 681 1163 952 1210; x_wconf 90' lang='lat' dir='ltr'>anteponunt.</span> <span class='ocrx_word' id='word_1_123' title='bbox 1009 1158 1153 1197; x_wconf 88' lang='lat' dir='ltr'>Otium</span> <span class='ocrx_word' id='word_1_124' title='bbox 1170 1163 1312 1197; x_wconf 88' lang='lat' dir='ltr'>autem</span> <span class='ocrx_word' id='word_1_125' title='bbox 1329 1157 1439 1210; x_wconf 92' lang='lat' dir='ltr'>quod</span> 
     </span>
     <span class='ocr_line' id='line_1_19' title="bbox 230 1217 1439 1265; baseline -0.002 -6"><span class='ocrx_word' id='word_1_126' title='bbox 230 1220 328 1259; x_wconf 89' lang='lat' dir='ltr'>dicis</span> <span class='ocrx_word' id='word_1_127' title='bbox 363 1233 466 1265; x_wconf 85' lang='lat' dir='ltr'>esse,</span> <span class='ocrx_word' id='word_1_128' title='bbox 499 1221 727 1264; x_wconf 83' lang='lat' dir='ltr'>assentior3</span> <span class='ocrx_word' id='word_1_129' title='bbox 775 1232 917 1257; x_wconf 90' lang='lat' dir='ltr'>verum</span> <span class='ocrx_word' id='word_1_130' title='bbox 949 1220 1024 1257; x_wconf 89' lang='lat' dir='ltr'>otii</span> <span class='ocrx_word' id='word_1_131' title='bbox 1055 1217 1212 1257; x_wconf 91' lang='lat' dir='ltr'>fructus</span> <span class='ocrx_word' id='word_1_132' title='bbox 1246 1223 1324 1264; x_wconf 87' lang='lat' dir='ltr'>est,</span> <span class='ocrx_word' id='word_1_133' title='bbox 1357 1231 1439 1257; x_wconf 90' lang='lat' dir='ltr'>non</span> 
     </span>
     <span class='ocr_line' id='line_1_20' title="bbox 229 1278 920 1324; baseline -0.004 -5"><span class='ocrx_word' id='word_1_134' title='bbox 229 1282 440 1319; x_wconf 92' lang='lat' dir='ltr'>contentio</span> <span class='ocrx_word' id='word_1_135' title='bbox 460 1281 599 1324; x_wconf 86' lang='lat' dir='ltr'>animi,</span> <span class='ocrx_word' id='word_1_136' title='bbox 618 1279 692 1317; x_wconf 91' lang='lat' dir='ltr'>sed</span> <span class='ocrx_word' id='word_1_137' title='bbox 709 1278 920 1317; x_wconf 86' lang='lat' dir='ltr'>relaxatio.</span> 
     </span>
    </p>

    <p class='ocr_par' dir='ltr' id='par_1_5' title="bbox 230 1338 1440 1812">
     <span class='ocr_line' id='line_1_21' title="bbox 281 1338 1439 1391; baseline 0 -13"><span class='ocrx_word' id='word_1_138' title='bbox 281 1339 352 1378; x_wconf 93' lang='lat' dir='ltr'>VI.</span> <span class='ocrx_word' id='word_1_139' title='bbox 382 1339 515 1391; x_wconf 91' lang='lat' dir='ltr'>Saepe</span> <span class='ocrx_word' id='word_1_140' title='bbox 549 1352 601 1377; x_wconf 86' lang='lat' dir='ltr'>ex</span> <span class='ocrx_word' id='word_1_141' title='bbox 630 1352 769 1377; x_wconf 88' lang='lat' dir='ltr'>socero</span> <span class='ocrx_word' id='word_1_142' title='bbox 797 1351 891 1377; x_wconf 91' lang='lat' dir='ltr'>meo</span> <span class='ocrx_word' id='word_1_143' title='bbox 920 1338 1070 1384; x_wconf 83' lang='lat' dir='ltr'>audivi,</span> <span class='ocrx_word' id='word_1_144' title='bbox 1099 1351 1193 1377; x_wconf 89' lang='lat' dir='ltr'>cum</span> <span class='ocrx_word' id='word_1_145' title='bbox 1219 1340 1253 1377; x_wconf 88' lang='lat' dir='ltr'>is</span> <span class='ocrx_word' id='word_1_146' title='bbox 1282 1338 1439 1378; x_wconf 89' lang='lat' dir='ltr'>diceret</span> 
     </span>
     <span class='ocr_line' id='line_1_22' title="bbox 230 1397 1439 1450; baseline -0.001 -11"><span class='ocrx_word' id='word_1_147' title='bbox 230 1413 415 1439; x_wconf 90' lang='lat' dir='ltr'>socerum</span> <span class='ocrx_word' id='word_1_148' title='bbox 446 1413 565 1438; x_wconf 88' lang='lat' dir='ltr'>suum</span> <span class='ocrx_word' id='word_1_149' title='bbox 597 1398 784 1437; x_wconf 91' lang='lat' dir='ltr'>Laelium</span> <span class='ocrx_word' id='word_1_150' title='bbox 815 1411 979 1450; x_wconf 90' lang='lat' dir='ltr'>semper</span> <span class='ocrx_word' id='word_1_151' title='bbox 1008 1397 1096 1437; x_wconf 87' lang='lat' dir='ltr'>fere</span> <span class='ocrx_word' id='word_1_152' title='bbox 1127 1412 1221 1437; x_wconf 91' lang='lat' dir='ltr'>cum</span> <span class='ocrx_word' id='word_1_153' title='bbox 1251 1397 1439 1450; x_wconf 86' lang='lat' dir='ltr'>Scipione</span> 
     </span>
     <span class='ocr_line' id='line_1_23' title="bbox 230 1458 1438 1511; baseline -0.001 -12"><span class='ocrx_word' id='word_1_154' title='bbox 230 1460 395 1499; x_wconf 90' lang='lat' dir='ltr'>solitum</span> <span class='ocrx_word' id='word_1_155' title='bbox 426 1461 612 1498; x_wconf 88' lang='lat' dir='ltr'>rusticari</span> <span class='ocrx_word' id='word_1_156' title='bbox 644 1472 797 1511; x_wconf 90' lang='lat' dir='ltr'>eosque</span> <span class='ocrx_word' id='word_1_157' title='bbox 827 1458 1121 1497; x_wconf 90' lang='lat' dir='ltr'>incredibiliter</span> <span class='ocrx_word' id='word_1_158' title='bbox 1150 1471 1438 1510; x_wconf 89' lang='lat' dir='ltr'>repuerascere</span> 
     </span>
     <span class='ocr_line' id='line_1_24' title="bbox 232 1519 1438 1571; baseline -0.001 -13"><span class='ocrx_word' id='word_1_159' title='bbox 232 1534 320 1559; x_wconf 90' lang='lat' dir='ltr'>esse</span> <span class='ocrx_word' id='word_1_160' title='bbox 350 1519 503 1566; x_wconf 89' lang='lat' dir='ltr'>solitos,</span> <span class='ocrx_word' id='word_1_161' title='bbox 531 1533 625 1558; x_wconf 92' lang='lat' dir='ltr'>cum</span> <span class='ocrx_word' id='word_1_162' title='bbox 653 1532 721 1557; x_wconf 91' lang='lat' dir='ltr'>rus</span> <span class='ocrx_word' id='word_1_163' title='bbox 750 1531 802 1557; x_wconf 88' lang='lat' dir='ltr'>ex</span> <span class='ocrx_word' id='word_1_164' title='bbox 831 1519 947 1565; x_wconf 90' lang='lat' dir='ltr'>urbe,</span> <span class='ocrx_word' id='word_1_165' title='bbox 975 1524 1176 1571; x_wconf 87' lang='lat' dir='ltr'>tanquam</span> <span class='ocrx_word' id='word_1_166' title='bbox 1205 1531 1228 1557; x_wconf 90' lang='lat' dir='ltr'>e</span> <span class='ocrx_word' id='word_1_167' title='bbox 1257 1519 1438 1565; x_wconf 89' lang='lat' dir='ltr'>vinculis,</span> 
     </span>
     <span class='ocr_line' id='line_1_25' title="bbox 232 1578 1439 1625; baseline -0.001 -7"><span class='ocrx_word' id='word_1_168' title='bbox 232 1580 513 1619; x_wconf 89' lang='lat' dir='ltr'>evolavissent.</span> <span class='ocrx_word' id='word_1_169' title='bbox 570 1579 663 1618; x_wconf 90' lang='lat' dir='ltr'>Non</span> <span class='ocrx_word' id='word_1_170' title='bbox 683 1579 816 1617; x_wconf 91' lang='lat' dir='ltr'>audeo</span> <span class='ocrx_word' id='word_1_171' title='bbox 837 1579 972 1617; x_wconf 91' lang='lat' dir='ltr'>dicere</span> <span class='ocrx_word' id='word_1_172' title='bbox 994 1579 1046 1617; x_wconf 93' lang='lat' dir='ltr'>de</span> <span class='ocrx_word' id='word_1_173' title='bbox 1067 1578 1217 1618; x_wconf 88' lang='lat' dir='ltr'>talibus</span> <span class='ocrx_word' id='word_1_174' title='bbox 1238 1581 1346 1625; x_wconf 91' lang='lat' dir='ltr'>viris,</span> <span class='ocrx_word' id='word_1_175' title='bbox 1366 1579 1439 1618; x_wconf 91' lang='lat' dir='ltr'>sed</span> 
     </span>
     <span class='ocr_line' id='line_1_26' title="bbox 231 1638 1440 1685; baseline -0.002 -6"><span class='ocrx_word' id='word_1_176' title='bbox 231 1646 373 1679; x_wconf 89' lang='lat' dir='ltr'>tamen</span> <span class='ocrx_word' id='word_1_177' title='bbox 407 1642 467 1678; x_wconf 91' lang='lat' dir='ltr'>ita</span> <span class='ocrx_word' id='word_1_178' title='bbox 501 1639 606 1678; x_wconf 90' lang='lat' dir='ltr'>solet</span> <span class='ocrx_word' id='word_1_179' title='bbox 639 1652 805 1677; x_wconf 86' lang='lat' dir='ltr'>narrare</span> <span class='ocrx_word' id='word_1_180' title='bbox 840 1638 1047 1685; x_wconf 90' lang='lat' dir='ltr'>Scaevola,</span> <span class='ocrx_word' id='word_1_181' title='bbox 1082 1638 1255 1677; x_wconf 85' lang='lat' dir='ltr'>conchas</span> <span class='ocrx_word' id='word_1_182' title='bbox 1290 1652 1360 1678; x_wconf 87' lang='lat' dir='ltr'>eos</span> <span class='ocrx_word' id='word_1_183' title='bbox 1395 1644 1440 1678; x_wconf 90' lang='lat' dir='ltr'>et</span> 
     </span>
     <span class='ocr_line' id='line_1_27' title="bbox 231 1698 1439 1751; baseline -0.002 -12"><span class='ocrx_word' id='word_1_184' title='bbox 231 1700 441 1739; x_wconf 90' lang='lat' dir='ltr'>umbilicos</span> <span class='ocrx_word' id='word_1_185' title='bbox 467 1700 520 1739; x_wconf 91' lang='lat' dir='ltr'>ad</span> <span class='ocrx_word' id='word_1_186' title='bbox 544 1699 732 1738; x_wconf 90' lang='lat' dir='ltr'>Caietam</span> <span class='ocrx_word' id='word_1_187' title='bbox 757 1704 801 1738; x_wconf 92' lang='lat' dir='ltr'>et</span> <span class='ocrx_word' id='word_1_188' title='bbox 825 1699 878 1737; x_wconf 89' lang='lat' dir='ltr'>ad</span> <span class='ocrx_word' id='word_1_189' title='bbox 903 1699 1159 1738; x_wconf 88' lang='lat' dir='ltr'>Laurentum</span> <span class='ocrx_word' id='word_1_190' title='bbox 1182 1698 1321 1751; x_wconf 90' lang='lat' dir='ltr'>legere</span> <span class='ocrx_word' id='word_1_191' title='bbox 1345 1713 1439 1738; x_wconf 91' lang='lat' dir='ltr'>con-</span> 
     </span>
     <span class='ocr_line' id='line_1_28' title="bbox 232 1758 1438 1812; baseline -0.002 -13"><span class='ocrx_word' id='word_1_192' title='bbox 232 1774 384 1807; x_wconf 85' lang='lat' dir='ltr'>suesse,</span> <span class='ocrx_word' id='word_1_193' title='bbox 412 1765 457 1799; x_wconf 91' lang='lat' dir='ltr'>et</span> <span class='ocrx_word' id='word_1_194' title='bbox 483 1759 537 1799; x_wconf 86' lang='lat' dir='ltr'>ad</span> <span class='ocrx_word' id='word_1_195' title='bbox 564 1773 729 1799; x_wconf 89' lang='lat' dir='ltr'>omnem</span> <span class='ocrx_word' id='word_1_196' title='bbox 756 1761 880 1797; x_wconf 87' lang='lat' dir='ltr'>animi</span> <span class='ocrx_word' id='word_1_197' title='bbox 907 1762 1188 1798; x_wconf 89' lang='lat' dir='ltr'>remissionem</span> <span class='ocrx_word' id='word_1_198' title='bbox 1213 1758 1438 1812; x_wconf 90' lang='lat' dir='ltr'>ludumque</span> 
     </span>
    </p>
   </div>
   <div class='ocr_carea' id='block_1_3' title="bbox 232 1876 1440 2052">
    <p class='ocr_par' dir='ltr' id='par_1_6' title="bbox 232 1876 1440 2052">
     <span class='ocr_line' id='line_1_29' title="bbox 280 1876 1440 1920; baseline 0 -10"><span class='ocrx_word' id='word_1_199' title='bbox 280 1882 297 1898; x_wconf 83' lang='lat'>‘²</span> <span class='ocrx_word' id='word_1_200' title='bbox 326 1877 445 1911; x_wconf 76' lang='lat' dir='ltr'>Vitam</span> <span class='ocrx_word' id='word_1_201' title='bbox 460 1878 601 1911; x_wconf 78' lang='lat' dir='ltr'>nullam</span> <span class='ocrx_word' id='word_1_202' title='bbox 617 1876 851 1920; x_wconf 86' lang='lat' dir='ltr'>corresponds</span> <span class='ocrx_word' id='word_1_203' title='bbox 867 1880 905 1910; x_wconf 87' lang='lat' dir='ltr'>to</span> <span class='ocrx_word' id='word_1_204' title='bbox 920 1877 982 1910; x_wconf 86' lang='lat' dir='ltr'>the</span> <span class='ocrx_word' id='word_1_205' title='bbox 998 1876 1159 1911; x_wconf 79' lang='lat' dir='ltr'>Platonic</span> <span class='ocrx_word' id='word_1_206' title='bbox 1176 1876 1247 1920; x_wconf 80' lang='grc' dir='ltr'>βίον</span> <span class='ocrx_word' id='word_1_207' title='bbox 1263 1876 1302 1910; x_wconf 83' lang='grc' dir='ltr'>οὖ</span> <span class='ocrx_word' id='word_1_208' title='bbox 1318 1876 1440 1920; x_wconf 79' lang='grc' dir='ltr'>βιωτόν</span> 
     </span>
     <span class='ocr_line' id='line_1_30' title="bbox 232 1921 1440 2009; baseline 0 -11"><span class='ocrx_word' id='word_1_209' title='bbox 232 1921 503 1998; x_wconf 41' lang='lat' dir='ltr'>(Abpcbhnffgoaeis</span> <span class='ocrx_word' id='word_1_210' title='bbox 518 1976 626 1998; x_wconf 77' lang='lat' dir='ltr'>causa</span> <span class='ocrx_word' id='word_1_211' title='bbox 644 1965 752 1998; x_wconf 85' lang='lat' dir='ltr'>refers</span> <span class='ocrx_word' id='word_1_212' title='bbox 774 1967 812 1998; x_wconf 88' lang='lat' dir='ltr'>to</span> <span class='ocrx_word' id='word_1_213' title='bbox 834 1964 894 1998; x_wconf 88' lang='lat' dir='ltr'>the</span> <span class='ocrx_word' id='word_1_214' title='bbox 909 1963 1096 1998; x_wconf 84' lang='lat' dir='ltr'>wrestler&#39;s</span> <span class='ocrx_word' id='word_1_215' title='bbox 1118 1974 1182 1998; x_wconf 90' lang='lat' dir='ltr'>use</span> <span class='ocrx_word' id='word_1_216' title='bbox 1197 1963 1238 1998; x_wconf 87' lang='lat' dir='ltr'>of</span> <span class='ocrx_word' id='word_1_217' title='bbox 1256 1963 1440 2009; x_wconf 82' lang='lat' dir='ltr'>suppling·-</span> 
     </span>
     <span class='ocr_line' id='line_1_31' title="bbox 232 2008 937 2052; baseline 0 -10"><span class='ocrx_word' id='word_1_218' title='bbox 232 2009 281 2042; x_wconf 86' lang='lat' dir='ltr'>oil</span> <span class='ocrx_word' id='word_1_219' title='bbox 299 2010 333 2042; x_wconf 91' lang='lat' dir='ltr'>in</span> <span class='ocrx_word' id='word_1_220' title='bbox 349 2010 578 2052; x_wconf 81' lang='lat' dir='ltr'>preparation</span> <span class='ocrx_word' id='word_1_221' title='bbox 594 2008 650 2043; x_wconf 85' lang='lat' dir='ltr'>for</span> <span class='ocrx_word' id='word_1_222' title='bbox 665 2008 726 2042; x_wconf 90' lang='lat' dir='ltr'>the</span> <span class='ocrx_word' id='word_1_223' title='bbox 738 2008 937 2052; x_wconf 75' lang='lat' dir='ltr'>palaestra.</span> 
     </span>
    </p>
   </div>
   <div class='ocr_carea' id='block_1_4' title="bbox 234 2067 309 2101">
    <p class='ocr_par' dir='ltr' id='par_1_7' title="bbox 234 2067 309 2101">
     <span class='ocr_line' id='line_1_32' title="bbox 234 2067 309 2101; baseline 0 0"><span class='ocrx_word' id='word_1_224' title='bbox 234 2067 309 2101; x_wconf 78' lang='lat'>212</span> 
     </span>
    </p>
   </div>
  </div>
 </body>
</html>
