1560 2294
758 98 963 138 CICERO

253 216 328 254 per
361 215 448 248 nos,
477 202 551 241 sed
585 202 778 241 divinitus
814 202 867 241 ad
900 215 973 241 nos
1008 202 1193 241 delatum
1226 202 1463 248 videretur3

253 269 418 315 deinde,
445 272 514 321 qui
540 272 683 320 possit,
708 283 790 308 non
816 275 903 308 tam
929 269 1123 316 caduceo,
1148 283 1273 321 quam
1298 272 1461 308 nomine

253 339 423 375 oratoris
454 342 637 382 ornatus,
666 336 892 382 incolumis,
923 336 989 375 vel
1016 339 1126 375 inter
1153 336 1334 376 hostium
1362 337 1461 383 tela,

253 407 404 442 versari
422 417 432 450 3
468 410 572 450 tum,
595 406 664 456 qui
685 404 816 442 scelus
837 403 1108 456 fraudemque
1129 407 1314 443 nocentis
1334 407 1462 456 possit

253 471 426 510 dicendo
470 472 655 510 subicere
704 471 798 510 odio
839 474 1001 517 civium,
1042 470 1322 524 supplicioque
1368 485 1462 511 con-

253 542 484 591 stringere3
532 539 727 590 idemque
761 541 915 591 ingenii
949 539 1152 590 praesidio
1186 542 1462 578 innocentiam

253 606 493 645 iudiciorum
530 619 665 658 poena
706 606 910 652 liberare3
962 606 1156 658 idemque
1194 606 1462 660 languentem

252 673 546 726 labentemque
567 673 765 726 populum
786 679 859 712 aut
880 673 933 712 ad
953 674 1078 712 decus
1099 677 1295 721 excitare,
1316 680 1389 714 aut
1409 675 1461 714 ab

253 755 390 780 errore
422 741 642 787 deducere,
674 747 748 780 aut
778 741 1033 780 inflammare
1063 744 1107 780 in
1137 743 1358 794 improbos,
1389 748 1462 782 aut

253 811 470 847 incitatum
497 811 540 847 in
567 809 710 855 bonos,
738 811 958 861 mitigare3
1002 811 1072 861 qui
1099 809 1293 862 denique,
1321 824 1462 863 quem-

252 890 429 928 cumque
464 879 507 915 in
542 879 686 914 animis
721 875 933 915 hominum
967 882 1127 916 motum
1162 891 1227 916 res
1262 883 1307 917 et
1340 891 1462 917 causa

252 945 449 996 postulet,
469 958 564 983 eum
583 944 757 983 dicendo
776 944 841 982 vel
860 947 1041 983 excitare
1059 947 1202 996 possit,
1221 945 1286 984 vel
1303 946 1460 985 sedare.

167 1022 234 1057 203
303 1012 422 1051 Hanc
435 1014 516 1050 vim
529 1015 563 1050 si
575 1014 664 1063 quis
679 1014 902 1057 existimat,
916 1017 989 1050 aut
1003 1013 1055 1051 ab
1070 1015 1141 1058 eis,
1154 1013 1288 1065 quide
1301 1013 1462 1053 dicendi

251 1082 410 1118 ratione
435 1082 699 1130 scripserunt,
724 1082 954 1130 expositam
980 1093 1083 1126 esse,
1108 1086 1182 1119 aut
1205 1094 1230 1119 a
1251 1094 1319 1120 me
1342 1095 1461 1134 posse

252 1150 403 1198 exponi
429 1152 516 1185 tam
542 1147 670 1192 brevi,
696 1146 966 1185 vehementer
991 1153 1130 1193 errat3
1170 1161 1306 1200 neque
1331 1149 1461 1188 solum

251 1217 510 1253 inscientiam
545 1227 696 1259 meam,
733 1213 807 1252 sed
841 1227 895 1252 ne
930 1227 1068 1253 rerum
1103 1214 1271 1267 quidem
1305 1219 1462 1269 magni-

253 1282 441 1320 tudinem
483 1284 690 1333 perspicit.
746 1281 951 1333 Equidem
994 1282 1122 1328 vobis,
1164 1286 1357 1334 quoniam
1403 1286 1462 1322 ita

252 1349 449 1394 voluistis,
469 1348 620 1395 fontes,
644 1348 754 1387 unde
781 1348 1012 1395 hauriretis,
1034 1355 1160 1401 atque
1186 1353 1334 1388 itinera
1360 1354 1461 1402 ipsa,

251 1419 311 1455 ita
329 1419 470 1467 putavi
491 1429 580 1455 esse
600 1416 934 1462 demonstranda,
953 1430 1035 1455 non
1054 1422 1102 1456 ut
1119 1419 1206 1469 ipse
1226 1418 1310 1456 dux
1330 1431 1461 1458 essem

252 1483 415 1535 ——quod
449 1489 493 1522 et
521 1483 726 1521 infinitum
757 1489 835 1530 est,
865 1489 909 1522 et
937 1497 1020 1522 non
1048 1486 1462 1525 necessarium—sed

251 1557 299 1589 ut
327 1557 691 1589 commonstrarem
720 1556 886 1589 tantum
914 1554 1036 1597 viam,
1063 1557 1121 1598 et,
1149 1557 1198 1591 ut
1227 1552 1314 1591 fieri
1342 1553 1461 1600 solet,

251 1618 428 1669 digitum
447 1619 500 1657 ad
518 1617 655 1656 fontes
674 1618 946 1657 intenderem.

167 1700 233 1734 204
303 1685 474 1723 XLVII.
508 1685 613 1723 Mihi
641 1699 750 1732 vero,
774 1688 908 1738 inquit
935 1685 1112 1732 Mucius,
1132 1689 1231 1725 satis
1256 1700 1460 1740 superque

251 1753 323 1790 abs
344 1758 388 1791 te
409 1753 572 1792 videtur
591 1756 762 1791 istorum
783 1754 943 1799 studiis,
963 1756 996 1791 si
1016 1754 1139 1793 modo
1159 1759 1256 1793 sunt
1276 1755 1460 1802 studiosi,

251 1832 340 1858 esse
361 1819 529 1859 factum.
586 1820 707 1866 Nam,
728 1826 776 1859 ut
795 1820 1006 1859 Socratem
1026 1821 1139 1859 illum
1159 1821 1325 1860 solitum
1345 1825 1461 1862 aiunt

251 1886 401 1932 dicere,
427 1886 659 1938 perfectum
686 1889 762 1926 sibi
788 1902 890 1939 opus
918 1902 1021 1934 esse,
1048 1891 1081 1926 si
1108 1891 1197 1940 quis
1224 1891 1323 1928 satis
1350 1895 1460 1929 esset

250 1957 477 1993 concitatus
495 1954 777 1994 cohortatione
794 1969 868 1994 sua
884 1955 937 1994 ad
953 1956 1135 1994 studium
1151 1956 1458 2009 cognoscendae

252 2046 326 2081 142
