1560 2294
778 113 983 153 CICERO

275 218 415 257 odiose
434 232 444 257 ε
487 218 497 233 ‘
512 217 768 264 Audiamus‚'
798 220 946 269 inquit,
977 215 986 230 ‘
1002 216 1251 268 pulchellum
1283 213 1486 267 puerum,’

277 273 457 311 Crassus.
536 273 640 311 Cum
681 278 790 311 esset
829 274 1014 318 arrisum,
1049 270 1057 285 ‘
1077 271 1170 309 Non
1203 273 1321 322 potui
1358 267 1486 315 mihi:

277 330 411 379 inquit
426 327 583 373 Lamia,
599 328 607 341 ‘
618 326 792 365 formam
807 329 894 378 ipse
911 326 1088 378 fingere;
1114 327 1327 377 ingenium
1340 322 1485 376 potui.’

277 381 383 420 Tum
415 381 495 427 hie,
529 381 538 395 ‘
558 380 814 426 Audiamus‚'
847 383 996 432 inquit,
1030 379 1039 394 ‘
1054 378 1282 419 disertum!
1349 377 1486 417 Multo

279 439 407 475 etiam
426 438 596 474 arrisum
615 441 679 474 est
697 435 995 474 vehementius.

331 490 436 529 Sunt
459 493 585 529 etiam
607 490 676 528 illa
698 495 885 536 venusta,
908 495 956 528 ut
977 491 1020 527 in
1042 488 1233 541 gravibus
1255 489 1486 532 sententiis,

280 547 392 583 sicin
407 544 580 584 facetiis.
613 544 711 583 Dixi
725 547 834 583 enim
847 544 1017 589 dudum,
1029 545 1247 581 materiam
1262 541 1384 580 aliam
1397 554 1486 580 esse

281 602 371 645 ioci,
399 599 521 638 aliam
549 601 809 645 severitatis3
851 601 1037 651 gravium
1065 602 1207 636 autem
1236 601 1280 635 et
1307 599 1487 634 iocorum

198 661 262 694 263
280 667 405 693 unam
425 667 514 692 esse
537 656 753 692 rationem.
814 652 977 692 Ornant
995 655 1122 704 igitur
1139 654 1183 689 in
1206 653 1346 703 primis
1365 651 1488 689 orati-

280 722 402 747 onem
421 709 547 747 verba
565 708 698 747 relata
716 710 933 754 contrarie,
953 707 1064 759 quod
1082 706 1193 745 idem
1212 718 1342 758 genus
1362 717 1487 756 saepe

281 769 345 801 est
365 765 492 801 etiam
510 762 708 808 facetum,
723 768 771 801 ut
790 761 952 800 Servius
971 761 1039 800 ille
1060 760 1207 806 Galba,
1221 773 1315 799 eum
1333 759 1487 798 iudices

282 817 328 855 L.
352 816 560 856 Scribonio
582 818 747 856 tribuno
769 816 900 868 plebis
922 815 1052 854 ferret
1072 814 1292 853 familiares
1313 827 1421 859 suos,
1443 818 1488 852 et

280 872 452 910 dixisset
483 872 600 918 Libo,
625 871 633 885 ‘
653 871 829 919 Quando
858 870 1043 916 tandem,
1067 869 1214 915 Galba,
1237 869 1290 907 de
1313 867 1487 907 triclinio

280 932 353 965 tuo
370 926 499 964 exibis
518 927 533 964 ?
553 925 562 939 ²
620 926 628 940 ⁸
648 925 752 965 Cum
767 925 843 972 tu,’
857 927 1006 977 inquit,
1027 924 1035 938 ‘
1052 924 1104 963 de
1124 923 1309 962 eubiculo
1325 920 1488 961 alieno.⁹

280 981 319 1019 A
337 994 418 1032 quo
436 994 590 1033 genere
607 994 660 1019 ne
677 980 779 1019 illud
796 980 964 1032 quidem
981 979 1202 1030 plurimum
1219 978 1361 1023 distat,
1378 975 1489 1028 quod

281 1035 452 1073 Glaucia
473 1035 662 1082 Metello,
678 1034 687 1049 ‘
706 1033 855 1073 Villam
868 1036 911 1072 in
930 1034 1101 1072 Tiburte
1116 1032 1259 1078 habes,
1273 1037 1431 1070 cortem
1445 1033 1488 1069 in

282 1088 468 1128 Palatio.'

198 1151 263 1184 264
333 1143 481 1182 LXVI.
510 1143 572 1182 Ac
595 1144 812 1182 verborum
836 1142 1004 1194 quidem
1027 1154 1195 1194 genera,
1218 1153 1326 1193 quae
1350 1144 1488 1178 essent

281 1197 431 1244 faceta,
459 1198 610 1236 dixisse
638 1211 706 1236 me
734 1203 865 1249 put03
907 1210 1044 1236 rerum
1071 1196 1190 1247 plura
1217 1200 1327 1241 sunt,
1355 1206 1487 1246 eaque

280 1255 426 1305 magis,
443 1258 491 1291 ut
509 1253 594 1291 dixi
611 1258 723 1298 ante,
740 1252 928 1290 ridentur
946 1264 956 1297 ;
987 1254 1030 1289 in
1047 1251 1195 1302 quibus
1213 1255 1278 1288 est
1294 1250 1487 1295 narratio,

281 1320 346 1346 res
362 1320 460 1345 sane
479 1307 648 1345 difficilis
667 1319 678 1353 ;
709 1306 977 1358 exprimenda
997 1308 1106 1344 enim
1126 1310 1222 1343 sunt
1238 1309 1283 1342 et
1297 1302 1488 1355 ponenda

282 1367 380 1400 ante
395 1361 531 1400 oeulos
548 1374 598 1400 ea
612 1374 719 1413 quae
734 1361 953 1399 videantur
973 1366 1018 1399 et
1037 1358 1283 1404 verisimilia,
1297 1357 1409 1410 quod
1423 1362 1487 1396 est

280 1419 489 1468 proprium
508 1418 766 1462 narrationis,
787 1421 831 1454 et
851 1428 958 1467 quae
978 1417 1074 1460 sint,
1094 1413 1205 1466 quod
1223 1412 1381 1452 ridiculi
1398 1424 1490 1464 pro-

328 1582 344 1599 ·
369 1578 436 1612 See
454 1577 558 1612 Book
577 1578 628 1617 11,
645 1577 718 1617 lxi..
736 1589 859 1621 supra.

330 1621 344 1642 δ
369 1622 555 1665 Although
577 1622 735 1655 authorit
784 1623 812 1655 is
835 1623 973 1663 scanty,
997 1621 1024 1654 it
1046 1630 1160 1654 seems
1181 1619 1272 1658 that,
1295 1620 1332 1652 in
1354 1618 1488 1653 certain

281 1666 442 1699 crimina]
459 1665 705 1709 proceedings‚
721 1633 782 1699 the
797 1664 994 1698 defendant
1009 1663 1081 1697 had
1097 1663 1158 1697 the
1174 1663 1270 1706 right
1284 1665 1322 1696 to
1337 1671 1489 1706 propose

281 1721 304 1743 a
332 1709 484 1743 number
512 1710 554 1743 of
579 1709 633 1742 his
657 1709 800 1752 judges,
830 1707 966 1742 limited
995 1707 1046 1750 by
1073 1718 1096 1740 a
1124 1707 1300 1741 sufficient
1328 1706 1425 1750 right
1451 1705 1493 1739 of

282 1753 467 1796 challenge
484 1752 557 1786 and
575 1752 754 1786 exclusion
773 1763 820 1786 on
838 1752 899 1786 the
916 1754 998 1794 part
1015 1751 1057 1784 of
1069 1751 1131 1784 the
1148 1751 1384 1794 prosecution-

332 1801 345 1817 ⁰
370 1797 461 1830 Libo
482 1807 555 1830 was
576 1796 631 1830 his
651 1796 839 1839 intending
860 1798 1065 1839 prosecutor
1085 1805 1133 1828 on
1153 1805 1176 1828 a
1196 1794 1328 1837 charge
1348 1794 1390 1828 of
1406 1793 1490 1826 mis-

280 1843 663 1926 goXeLrilgoexezidently
685 1883 757 1917 had
785 1894 807 1916 a
835 1884 1037 1926 reputation
1064 1882 1120 1915 for
1147 1881 1340 1925 gallantry,
1364 1881 1401 1914 in
1428 1879 1490 1914 the

279 1927 491 1962 unenviable
508 1938 619 1962 sense.

327 1977 340 1993 ⁶
363 1971 439 2005 The
460 1974 532 2005 two
554 1971 749 2014 proper-ties
773 1969 891 2004 would
915 1968 1094 2011 noi-mally
1117 1968 1238 2011 adjoin
1262 1967 1351 2002 each
1374 1966 1486 2001 other.

280 2015 431 2049 Glaucia
454 2026 569 2050 seems
592 2018 630 2049 to
654 2014 773 2048 reflect
797 2024 894 2057 upon
919 2013 981 2047 the
1006 2023 1172 2046 manners
1196 2011 1269 2046 and
1295 2010 1426 2045 morale
1449 2009 1492 2044 of

279 2078 357 2120 896
