1560 2294
753 123 958 163 CICERO

249 241 404 281 genere
447 231 627 267 maxime
676 227 867 274 excellet,
906 228 980 267 sed
1017 230 1120 267 risus
1166 233 1336 267 movent
1382 227 1462 266 alia

247 299 435 335 maiores.
491 297 746 348 Ambiguum
768 309 843 347 per
865 309 909 334 se
931 298 1066 347 ipsum
1087 296 1287 348 probatur
1308 296 1352 335 id
1373 298 1462 349 qui-

248 363 359 410 dem,
396 369 444 403 ut
481 369 579 402 ante
616 363 716 410 dixi,
753 362 819 402 vel
853 366 1064 410 maxime3
1114 366 1314 416 ingeniosi
1351 365 1461 403 enim

250 432 414 471 videtur
445 434 527 470 vim
560 431 674 470 verbi
705 433 748 469 in
781 431 892 470 aliud
924 437 1051 483 atque
1084 434 1213 470 ceteri
1245 434 1461 484 accipiant,

251 512 370 551 posse
394 500 570 545 ducere;
604 499 679 537 sed
701 499 1016 538 admirationem
1034 501 1166 551 magis
1189 513 1314 551 quam
1335 502 1462 539 risum

250 573 404 613 movet,
427 570 504 605 nisi
527 570 560 605 si
584 567 749 619 quando
771 567 915 606 incidit
937 570 980 605 in
1003 567 1115 606 aliud
1136 580 1267 620 genus
1289 567 1461 610 ridiculi.

168 640 233 674 255
304 635 460 674 LXIII.
490 634 608 683 Quae
645 648 800 687 genera
836 648 1071 686 percurram
1104 635 1309 687 equidem.
1380 635 1462 676 Sed

253 706 363 742 scitis
401 716 490 741 esse
531 705 788 741 notissimum
827 702 986 741 ridiculi
1025 716 1170 755 genus,
1212 716 1306 742 cum
1352 704 1463 743 aliud

253 777 556 822 exspectamus,
599 771 711 809 aliud
752 771 913 809 dicitur.
980 770 1059 809 Hic
1099 771 1306 810 nobismet
1353 774 1450 824 ipsis

252 845 393 878 noster
421 852 533 877 error
559 841 687 876 risum
714 844 867 877 movet.
932 838 1054 886 Quod
1078 841 1112 877 si
1141 839 1372 878 admixtum
1400 845 1464 879 est

253 909 380 946 etiam
395 906 649 958 ambiguum,
664 906 711 945 fit
725 906 867 945 salsius
887 920 896 944 ε
925 912 973 944 ut
988 906 1098 958 apud
1113 907 1288 946 Novium
1302 907 1465 947 videtur

254 988 343 1014 esse
368 977 596 1013 misericors
621 974 704 1020 ille,
730 977 800 1026 qui
823 974 1051 1013 iudicatum
1075 975 1169 1013 duci
1194 975 1350 1022 videns,
1373 989 1466 1028 per-

255 1048 447 1082 contatur
464 1045 524 1080 ita
540 1055 549 1080 ε
576 1041 585 1055 ‘
601 1045 746 1094 quanti
767 1042 954 1080 addictus
973 1042 989 1080 ?
1005 1041 1014 1055 ’
1060 1042 1069 1055 ‘
1087 1042 1203 1081 Mille
1223 1043 1465 1083 nummum.’

254 1110 296 1150 Si
329 1111 555 1150 addidisset
588 1110 902 1149 tantummodo:
953 1109 963 1124 ‘
983 1110 1121 1149 Ducas
1154 1110 1251 1150 licet
1269 1110 1308 1158 ’;
1355 1118 1466 1152 esset

253 1179 352 1218 illud
372 1192 502 1231 genus
522 1178 680 1216 ridiculi
699 1183 866 1229 praeter
889 1180 1259 1229 exspectationem,
1277 1179 1352 1219 sed
1370 1183 1467 1232 quia

253 1247 438 1286 addidit:
481 1245 490 1260 ‘
511 1245 621 1283 Nihil
646 1245 767 1291 add0‚
792 1246 917 1284 ducas
941 1245 1066 1291 licet,'
1092 1246 1234 1285 addito
1259 1248 1466 1301 ambiguo,

253 1315 384 1353 altero
408 1327 562 1366 genere
586 1313 758 1359 ridiculi,
782 1312 876 1360 fuit,
901 1319 950 1352 ut
973 1313 1072 1352 mihi
1098 1314 1266 1366 quidem
1289 1315 1466 1363 videtur,

254 1382 507 1421 salsissimus.
582 1381 672 1420 Hoc
705 1387 796 1420 tum
827 1387 892 1420 est
925 1384 1271 1429 venustissimum,
1298 1397 1392 1422 cum
1423 1387 1466 1423 in

257 1451 525 1489 altercatione
544 1452 736 1501 arripitur
753 1450 806 1487 ab
824 1449 1055 1488 adversario
1071 1450 1256 1496 verbum,
1269 1456 1314 1490 et
1334 1464 1385 1490 ex
1403 1465 1466 1500 eo,

256 1524 304 1558 ut
324 1532 349 1556 a
370 1517 517 1556 Catulo
538 1520 580 1555 in
603 1517 850 1568 Philippum,
872 1520 914 1555 in
937 1530 1032 1556 eum
1053 1520 1187 1569 ipsum
1208 1518 1376 1571 aliquid,
1397 1522 1467 1572 qui

172 1595 237 1628 256
255 1586 472 1631 lacessivit,
500 1585 710 1637 infligitur.
780 1584 862 1624 Sed
894 1599 987 1624 cum
1020 1585 1138 1636 plura
1171 1588 1253 1625 sint
1286 1587 1467 1640 ambigui

256 1667 423 1706 genera,
455 1653 506 1691 de
542 1653 688 1704 quibus
721 1659 785 1691 est
816 1653 1002 1691 doctrina
1034 1653 1239 1704 quaedam
1269 1654 1468 1701 subtilior,

256 1721 475 1760 attendere
494 1726 538 1758 et
556 1723 749 1771 aucupari
767 1721 892 1759 verba
910 1721 1117 1772 oportebit
1138 1735 1146 1759 ε
1178 1723 1222 1759 in
1239 1735 1334 1774 quo,
1353 1728 1400 1761 ut
1418 1735 1467 1761 ea

305 1900 320 1915 ‘¹
342 1895 418 1928 The
448 1896 602 1938 piquant
632 1896 879 1938 equivocation
912 1898 1008 1928 must
1038 1895 1120 1928 lurk
1146 1897 1180 1929 in
1207 1895 1320 1930 ‘nihil
1349 1897 1467 1936 addo‚'

256 1939 371 1972 which
388 1949 473 1993 may
489 1950 606 1977 mean,
622 1938 630 1952 ‘
644 1938 659 1971 1
677 1949 742 1981 say
758 1949 805 1972 no
830 1938 952 1978 more,'
965 1949 1004 1972 or
1021 1938 1073 1981 (at
1096 1950 1142 1972 an
1166 1939 1325 1981 auction)
1343 1940 1352 1954 ‘
1364 1940 1381 1974 1
1404 1940 1467 1975 bid

256 1993 489 2060 affingi-§.the
506 2025 678 2059 anecdote
695 2025 828 2060 related
845 2037 968 2069 supra,
988 2025 1090 2059 Book
1112 2026 1160 2066 11.
1179 2026 1237 2061 liv.

257 2081 331 2116 388
