1560 2294
745 118 949 158 CICERO

252 232 375 266 nunc,
397 234 491 260 cum
518 221 586 260 ille
616 222 835 262 damnatus
866 228 943 269 est,
972 223 1126 262 nullam
1156 222 1278 262 aliam
1306 222 1359 262 ob
1381 222 1464 262 cul-

251 303 362 341 pam,
392 293 469 330 nisi
498 298 668 344 propter
698 293 860 332 dicendi
890 295 1162 340 inscientiam,
1192 299 1335 333 tamen
1364 306 1390 332 a
1418 305 1462 331 se

200 348 204 351 ⁴
250 366 441 412 oportere
460 362 603 402 dicunt
620 366 709 414 peti
726 369 950 416 praecepta
968 364 1131 403 dicendi
1149 364 1164 403 ?
1210 363 1463 412 Quibuscum

251 444 329 483 ego
346 445 427 470 non
443 446 597 485 pugno,
614 439 754 473 utrum
770 436 824 473 sit
838 434 999 481 melius,
1016 441 1090 474 aut
1105 437 1239 473 verius
1258 449 1267 473 :
1298 439 1464 474 tantum

249 501 354 548 dico,
381 508 425 542 et
451 502 562 542 aliud
586 503 687 543 illud
713 518 816 551 esse,
843 511 969 557 atque
995 504 1086 551 hoc,
1112 511 1157 545 et
1180 504 1258 544 hoc
1283 506 1370 543 sine
1394 503 1464 542 illo

249 585 455 611 summum
475 586 564 612 esse
583 588 716 626 posse.

167 653 233 686 234
303 641 388 681 LV.
419 643 525 682 Nam
545 644 656 696 quod
679 648 740 683 ius
759 645 890 692 civile,
909 645 1068 692 Crasse,
1087 651 1175 684 tam
1193 644 1464 684 vehementer

252 713 465 764 amplexus
486 727 544 761 es,
559 715 692 761 video,
710 716 810 767 quid
834 718 979 768 egeris.
1033 716 1153 763 Tum,
1169 730 1262 755 cum
1281 716 1460 762 dicebas,

251 783 454 822 videbam.
511 784 692 824 Primum
707 785 926 825 Scaevolae
941 792 985 825 te
1000 786 1165 833 dedisti,
1180 799 1305 839 quem
1318 799 1460 825 omnes

251 867 390 893 amare
426 858 687 895 meritissimo
723 870 797 908 pro
838 860 925 896 eius
962 859 1113 896 eximia
1149 859 1353 896 suavitate
1390 856 1461 896 de-

250 925 395 964 bemus
415 939 424 964 :
457 928 571 965 cuius
599 932 732 965 artem
752 940 845 966 cum
870 927 1103 966 indotatam
1128 941 1218 966 esse
1242 933 1287 966 et
1309 930 1461 966 incom-

250 1001 366 1047 ptam
406 996 579 1043 videres,
613 998 830 1036 verborum
859 1011 951 1036 eam
991 997 1089 1037 dote
1117 996 1378 1050 locupletasti
1417 1002 1462 1036 et

250 1069 416 1104 ornasti.
473 1067 636 1106 Deinde
652 1068 763 1120 quod
776 1070 818 1106 in
834 1081 884 1107 ea
897 1073 944 1107 tu
958 1067 1049 1120 plus
1064 1081 1214 1120 operae
1229 1067 1460 1120 laborisque

249 1150 573 1189 consumpseras,
605 1151 699 1177 cum
733 1141 819 1177 eius
848 1138 973 1177 studii
1011 1139 1087 1177 tibi
1126 1144 1171 1178 et
1198 1138 1385 1178 hortator
1415 1144 1460 1178 et

250 1210 448 1259 magister
482 1213 592 1247 esset
625 1208 749 1255 domi,
783 1212 936 1248 veritus
971 1222 1029 1255 es,
1062 1211 1138 1248 nisi
1171 1211 1293 1248 istam
1327 1215 1459 1248 artem

250 1280 435 1316 oratione
455 1291 762 1331 exaggerasseS,
781 1293 834 1318 ne
853 1293 1021 1332 operam
1039 1279 1298 1332 perdidisses.

168 1364 234 1397 235
303 1347 385 1387 Sed
404 1362 482 1401 ego
500 1363 553 1388 ne
571 1363 665 1388 cum
682 1352 762 1389 ista
780 1350 948 1402 quidem
967 1356 1056 1389 arte
1074 1364 1226 1403 pugno.
1281 1350 1344 1390 Sit
1360 1364 1460 1390 sane

251 1425 385 1466 tanta,
407 1426 606 1472 quantam
628 1426 676 1459 tu
696 1421 808 1459 illam
830 1434 919 1460 esse
942 1423 1013 1459 vis.
1068 1421 1236 1460 Etenim
1257 1423 1344 1460 sine
1366 1435 1460 1461 con-

251 1493 449 1530 troversia
474 1497 518 1530 et
543 1504 694 1544 magna
720 1497 798 1538 est,
825 1496 868 1531 et
891 1491 976 1530 late
1002 1497 1135 1543 patet,
1161 1497 1206 1531 et
1230 1492 1284 1531 ad
1307 1492 1458 1532 multos

250 1564 446 1613 pertinet,
470 1567 515 1601 et
536 1575 695 1600 summo
717 1564 760 1600 in
782 1561 935 1601 honore
958 1575 1121 1614 semper
1142 1561 1236 1610 fuit,
1259 1568 1303 1602 et
1324 1563 1458 1602 claris-

249 1634 340 1670 simi
359 1635 466 1671 cives
487 1634 525 1671 ei
543 1632 680 1671 studio
700 1634 827 1671 etiam
845 1631 967 1671 hodie
985 1638 1195 1684 praesunt.
1250 1632 1333 1673 Sed
1350 1633 1458 1680 vide,

249 1702 408 1749 Crasse,
435 1716 502 1749 ne,
529 1703 627 1742 dum
654 1717 758 1742 novo
785 1708 830 1742 et
855 1703 988 1742 alieno
1015 1709 1162 1742 ornatu
1188 1703 1287 1743 velis
1313 1717 1456 1743 ornare

249 1775 345 1811 iuris
373 1773 498 1812 civilis
525 1776 754 1820 scientiam,
781 1787 855 1812 suo
884 1787 1048 1826 quoque
1077 1787 1169 1813 eam
1196 1788 1386 1814 concesso
1413 1780 1458 1815 et

165 1868 231 1902 236
249 1844 402 1882 tradito
427 1844 575 1895 spolies
599 1850 726 1896 atque
751 1845 948 1883 denudes.
1005 1844 1125 1891 Nam,
1149 1846 1182 1883 si
1205 1847 1266 1884 ita
1288 1845 1458 1892 diceres,

249 1916 318 1966 qui
337 1915 644 1954 iurisconsultus
669 1921 792 1961 esset,
812 1928 901 1954 esse
921 1928 1017 1953 eum
1035 1921 1255 1962 oratorem,
1273 1917 1457 1968 itemque

250 1988 320 2037 qui
335 1991 445 2024 esset
459 1991 610 2032 orator,
625 1988 721 2024 iuris
742 1985 935 2024 eumdem
950 1999 1039 2024 esse
1054 1985 1285 2024 consultum
1303 1999 1314 2025 ι
1340 1999 1459 2039 prae-

252 2069 324 2105 168
