1560 2294
787 130 991 170 CICERO

284 244 329 278 et
354 239 563 277 sententia
587 236 774 288 partibus
799 240 897 274 sunt
920 234 1249 281 innumerabilia,
1273 234 1493 287 generibus

283 322 415 360 pauca
433 321 444 355 ;
475 307 853 359 exspectationibus
874 308 984 344 enim
1003 305 1254 356 decipiendis
1274 310 1319 344 et
1337 306 1494 344 naturis

285 379 456 418 aliorum
483 377 700 417 irridendis
729 377 926 430 [ipsorum
957 375 1127 414 ridicule
1156 374 1422 428 indicandis]¹
1449 381 1494 415 et

285 450 550 489 similitudine
568 451 760 500 turpioris
779 453 823 487 et
840 447 1163 486 dissimulatione
1181 452 1226 486 et
1242 446 1497 486 subabsurda

285 521 459 560 dicendo
479 526 523 559 et
542 519 671 558 stulta
689 518 1030 571 reprehendendo
1049 520 1152 556 risus
1170 523 1402 564 moventur,
1420 520 1497 556 ita-

286 605 368 644 que
393 591 640 630 imbuendus
667 595 732 629 est
760 593 794 628 is
818 592 889 641 qui
917 592 1051 628 iocose
1081 588 1193 628 volet
1221 588 1358 627 dicere
1381 590 1497 641 quasi

286 668 435 702 natura
458 662 638 715 quadam
662 666 762 713 apta
785 660 839 699 ad
860 659 964 699 haec
986 673 1143 713 genera
1165 664 1210 698 et
1232 660 1427 706 moribus,
1450 665 1498 699 ut

285 734 339 773 ad
358 736 555 785 cuiusque
575 732 686 771 modi
709 745 840 784 genus
859 731 1018 770 ridiculi
1038 730 1174 769 vultus
1195 732 1323 769 etiam
1342 744 1498 770 accom-

283 804 476 843 modetur
495 817 505 851 ;
541 806 611 856 qui
632 803 800 856 quidem
816 816 897 854 quo
918 804 1097 841 severior
1118 807 1182 840 est
1203 806 1248 840 et
1267 804 1437 848 tristior,
1451 807 1498 840 ut

284 878 328 914 in
351 881 411 921 te,
436 874 596 921 Crasse,
620 873 698 913 hoc
721 873 791 912 illa
823 886 931 925 quae
956 873 1148 912 dicuntur
1172 871 1339 911 salsiora
1370 872 1498 912 videri

286 946 433 986 solent.

202 1031 270 1065 290
339 1017 421 1056 Sed
434 1020 517 1056 iam
531 1023 593 1063 tu,
606 1016 777 1062 Antoni,
789 1017 860 1067 qui
873 1014 951 1054 hoc
964 1014 1196 1054 deversorio
1208 1016 1405 1053 sermonis
1417 1016 1499 1054 mei

287 1088 466 1127 libenter
502 1089 788 1139 acquieturum
823 1091 868 1124 te
905 1099 995 1124 esse
1031 1085 1186 1132 dixisti,
1221 1090 1422 1137 tanquam
1455 1087 1498 1124 in

289 1159 555 1211 Pomptinum
574 1158 815 1203 deverteris,
835 1169 971 1208 neque
996 1169 1215 1195 amoenum
1234 1169 1371 1208 neque
1394 1155 1499 1194 salu-

287 1231 404 1269 brem
420 1229 570 1274 locum,
588 1241 736 1267 censeo
755 1233 802 1266 ut
820 1229 919 1266 satis
937 1226 1007 1265 diu
1025 1232 1070 1265 te
1087 1232 1210 1278 putes
1227 1229 1437 1278 requiesse
1454 1232 1499 1266 et

286 1303 367 1339 iter
384 1300 587 1352 reliquum
606 1298 806 1338 conficere
824 1311 986 1350 pergas.

338 1371 428 1424 Ego
466 1383 577 1416 ver0,
609 1375 735 1422 atque
773 1369 902 1407 hilare
940 1367 1109 1420 quidem
1146 1381 1172 1406 a
1207 1373 1253 1407 te
1291 1373 1499 1419 acceptus,

286 1444 435 1494 inquit,
465 1447 510 1480 et
537 1454 631 1480 cum
660 1440 818 1479 doctior
845 1452 921 1491 per
943 1444 1003 1485 te,
1032 1444 1123 1477 tum
1152 1441 1280 1478 etiam
1308 1438 1500 1478 audacior

287 1512 421 1552 factus
450 1515 532 1551 iam
555 1511 609 1550 ad
637 1511 882 1556 iocandum3
921 1523 1002 1548 non
1032 1512 1142 1548 enim
1164 1522 1308 1548 vereor
1333 1523 1386 1548 ne
1408 1512 1499 1562 quis

286 1597 354 1623 me
376 1586 418 1622 in
439 1586 518 1621 isto
544 1595 698 1635 genere
719 1581 914 1620 leviorem
935 1584 1017 1619 iam
1038 1586 1175 1632 putet,
1197 1582 1390 1632 quoniam
1411 1582 1499 1632 qui-

287 1655 383 1694 dem
404 1660 452 1693 tu
475 1654 679 1692 Fabricios
701 1652 800 1691 mihi
823 1657 1025 1697 auctores,
1048 1656 1092 1690 et
1113 1649 1341 1697 Africanos,
1365 1650 1500 1690 Maxi-

202 1738 266 1772 291
286 1739 388 1772 mos,
420 1724 614 1770 Catones,
647 1723 825 1775 Lepidos
855 1721 1074 1774 protulisti.
1130 1720 1213 1760 Sed
1255 1720 1418 1760 habetis
1449 1734 1499 1760 ea

288 1809 395 1848 quae
418 1795 539 1834 vultis
562 1808 614 1833 ex
636 1807 703 1833 me
726 1793 882 1839 audire,
903 1793 955 1831 de
977 1784 1131 1844 quibus'
1147 1791 1316 1844 quidem
1337 1805 1498 1831 accura-

287 1870 369 1905 tius
409 1866 629 1905 dicendum
670 1870 715 1903 et
754 1863 1020 1916 cogitandum
1060 1861 1140 1901 fuit
1159 1876 1168 1901 :
1223 1875 1320 1901 nam
1359 1868 1499 1901 cetera

287 1937 467 1976 faciliora
496 1941 606 1982 sunt,
631 1941 758 1988 atque
786 1948 837 1973 ex
866 1936 925 1973 eis
949 1946 1056 1984 quae
1085 1933 1196 1972 dicta
1221 1938 1317 1971 sunt
1339 1932 1498 1986 reliqua

738 2029 751 2050 ⁸
775 2029 855 2063 secl.
878 2028 1041 2063 Wilkim.

284 2096 359 2132 418
