1560 2294
743 99 948 141 CICERO

240 213 330 240 esse
363 201 531 249 vellent,
571 205 668 242 iuris
706 204 830 243 civilis
868 207 1144 257 cognitionem
1183 220 1272 247 esse
1310 222 1449 249 neces-

242 259 400 296 sariam.

158 319 222 352 198
290 313 417 352 XLV.
447 314 537 353 Iam
558 329 654 354 vero
675 318 765 367 ipsa
786 330 862 368 per
881 330 972 356 sese
991 325 1194 370 quantum
1213 319 1358 360 afferat
1377 325 1450 370 eis,

239 372 310 421 qui
347 373 385 408 ei
421 377 633 422 praesunt,
670 371 847 419 honoris,
883 377 1058 426 gratiae,
1094 375 1322 428 dignitatis,
1359 382 1449 430 quis

238 427 436 478 ignorat?
491 427 655 479 Itaque,
682 442 778 475 non,
806 435 854 468 ut
881 430 992 482 apud
1019 431 1198 471 Graecos
1224 433 1352 472 infimi
1378 434 1450 474 ho-

239 485 384 529 mines,
410 484 646 522 mercedula
671 485 853 532 adducti,
878 489 1084 526 ministros
1109 501 1154 527 se
1178 490 1383 540 praebent
1406 493 1450 530 in

239 539 396 577 iudiciis
436 541 680 587 oratoribus,
715 544 766 588 ei,
800 545 870 594 qui
913 543 1024 594 apud
1062 544 1150 583 illos
1188 547 1449 597 πραγματικοὶ

239 601 451 642 vocantur,
473 599 530 635 sic
552 599 595 635 in
617 603 757 636 nostra
779 600 947 638 civitate
966 612 976 646 ;
1013 606 1156 639 contra
1179 602 1449 654 amplissimus

239 654 413 704 quisque
436 658 480 691 et
501 652 743 692 clarissimus
766 657 826 693 vir
843 667 854 701 ;
890 661 938 694 ut
958 655 1041 703 ille,
1064 659 1134 709 qui
1154 664 1324 710 propter
1344 659 1450 700 hanc

239 710 335 746 iuris
360 708 485 747 civilis
514 712 728 749 scientiam
753 713 810 749 sic
835 711 1066 763 appellatus
1092 726 1116 751 a
1141 727 1300 754 summo
1323 722 1450 768 poeta

239 769 317 811 εει,
404 818 559 862 Egregie
574 819 743 854 cordatus
759 820 881 862 homo,
898 825 1000 856 catus
1016 822 1136 857 Aeliu’
1155 823 1296 866 Sextus,

238 914 441 966 multique
473 920 706 966 praeterea,
732 918 817 968 qui,
850 929 944 955 cum
969 919 1135 970 ingenio
1167 920 1244 958 sibi
1282 927 1448 962 auctore

238 970 488 1023 dignitatem
520 974 784 1023 reperissent,
817 972 1095 1024 perfecerunt,
1129 981 1177 1014 ut
1209 978 1252 1014 in
1284 990 1450 1030 respon-

238 1026 374 1065 dendo
394 1029 496 1073 iure,
510 1030 758 1067 auctoritate
770 1027 862 1080 plus
877 1032 1017 1077 etiam,
1031 1044 1156 1083 quam
1169 1034 1257 1084 ipso
1269 1035 1450 1086 ingenio,

238 1082 436 1122 valerent.

157 1148 220 1182 199
290 1138 504 1178 Senectuti
547 1153 643 1179 vero
685 1140 957 1181 celebrandae
1001 1148 1045 1182 et
1087 1145 1295 1184 ornandae
1338 1147 1449 1199 quod

238 1195 449 1234 honestius
477 1201 618 1247 potest
651 1209 740 1235 esse
768 1196 1017 1250 perfugium,
1046 1212 1171 1251 quam
1198 1203 1295 1240 iuris
1323 1205 1449 1242 inter-

240 1252 453 1303 pretatio?
507 1251 713 1304 Equidem
751 1253 852 1292 mihi
893 1253 971 1293 hoc
1009 1256 1235 1296 subsidium
1273 1260 1356 1298 iam
1395 1260 1448 1299 ab

240 1307 517 1346 adolescentia
531 1311 776 1360 comparavi,
791 1323 874 1348 non
887 1310 1019 1350 solum
1034 1311 1087 1350 ad
1101 1325 1315 1353 causarum
1329 1329 1447 1355 usum

239 1363 477 1410 forensium,
506 1365 580 1403 sed
610 1367 737 1403 etiam
767 1365 821 1404 ad
849 1366 974 1405 decus
1004 1373 1131 1420 atque
1161 1377 1448 1411 ornamentum

239 1423 494 1466 senectutis;
523 1426 585 1467 ut,
613 1435 707 1460 cum
734 1435 801 1460 me
830 1425 935 1461 vires
963 1423 1091 1475 (quod
1118 1423 1206 1464 fere
1234 1428 1315 1466 iam
1343 1433 1449 1467 tem-

238 1490 315 1528 pus
335 1476 551 1529 adventat)
572 1477 748 1516 deficere
772 1482 1018 1530 coepissent,
1037 1482 1117 1519 ista
1146 1482 1199 1520 ab
1227 1482 1447 1524 solitudine

238 1532 407 1571 domum
445 1546 583 1571 meam
616 1534 878 1574 vindicarem.
934 1534 1044 1583 Quid
1084 1542 1148 1576 est
1188 1540 1298 1578 enim
1330 1553 1447 1592 prae-

237 1588 397 1635 clarius,
431 1603 556 1641 quam
593 1589 813 1629 honoribus
848 1596 892 1630 et
925 1591 1173 1643 reipublicae
1209 1597 1446 1636 muneribus

236 1644 500 1696 perfunctum
522 1659 664 1684 senem
687 1660 806 1697 posse
828 1660 901 1686 suo
922 1650 1010 1686 iure
1032 1648 1168 1688 dicere
1189 1650 1314 1698 idem,
1336 1652 1446 1704 quod

237 1701 348 1753 apud
367 1701 547 1739 Ennium
567 1702 678 1740 dicat
697 1702 765 1741 ille
786 1702 959 1755 Pythius
979 1704 1143 1755 Apollo,
1161 1719 1206 1744 se
1227 1719 1315 1746 esse
1337 1721 1446 1755 eum,

283 1821 299 1836 ⁰
323 1815 470 1850 Similar
499 1819 750 1860 practitioners
781 1819 962 1862 appeared
1004 1822 1042 1853 at
1085 1820 1199 1855 Rome
1234 1822 1348 1856 under
1385 1823 1446 1858 the

239 1860 397 1903 Empioe,
417 1860 484 1894 but
506 1862 542 1894 in
566 1860 720 1895 Cicero’s
742 1862 829 1896 time
850 1862 911 1896 the
931 1866 1035 1906 great
1057 1863 1248 1899 advocates
1269 1869 1334 1910 got
1354 1866 1446 1901 their

239 1903 307 1937 law
323 1904 417 1937 from
434 1904 495 1938 the
512 1908 606 1938 most
620 1906 779 1939 eminent
789 1905 926 1948 jur-ists.

237 1991 262 2025 L
284 1947 299 1968 θ
321 1948 377 1981 i.e.
396 1947 548 2025 Ennius.
560 1949 662 1983 Arm.
675 1960 709 1984 x.
726 1951 807 1989 396,
819 1949 990 1984 Romaim
1002 1950 1046 1994 of
1058 1949 1129 1985 Old
1143 1951 1253 1987 Latin
1267 1952 1444 1997 (L.C.L).

281 1993 358 2031 120.
379 1994 393 2025 l
425 1995 455 2026 l.

241 2047 312 2083 188
