1560 2294
780 127 985 167 CICERO

277 235 412 286 prium
442 238 521 279 est,
550 232 793 283 subturpia:
838 234 951 270 cuius
981 231 1232 283 exemplum,
1261 237 1309 271 ut
1337 232 1484 272 brevis-

277 291 441 333 simum,
472 289 527 326 sit
558 300 657 325 sane
688 286 802 333 illud,
835 286 947 338 quod
978 292 1076 324 ante
1107 288 1239 337 posui,
1271 286 1404 326 Crassi
1434 287 1488 326 de

280 342 493 381 Memmio.
549 341 605 379 Et
631 341 685 379 ad
710 340 787 379 hoc
812 354 943 393 genus
973 341 1221 379 ascribamus
1245 343 1373 380 etiam
1397 355 1488 380 nar-

195 405 260 439 265
278 399 458 436 rationes
501 395 796 448 apologorum;
852 394 1030 434 trahitur
1072 397 1200 434 etiam
1241 395 1395 448 aliquid
1435 409 1488 436 ex

279 451 463 497 historia,
496 456 558 496 ut,
591 463 686 489 cum
723 449 817 488 Sex.
847 449 979 488 Titius
1013 462 1057 488 se
1091 449 1363 489 Cassandram
1398 463 1487 490 esse

280 506 451 552 diceret,
494 504 502 519 ‘
524 504 710 550 Multos:
743 507 878 556 inquit
915 505 1136 550 Antonius,
1170 503 1179 518 ‘
1195 518 1362 556 possum
1393 510 1487 544 tuos

279 562 427 600 Aiaces
447 559 586 599 Oileos
604 558 844 598 nominare.'

330 615 407 653 Est
438 617 565 653 etiam
596 627 648 652 ex
678 613 959 659 similitudine,
989 626 1096 665 quae
1126 618 1200 652 aut
1229 613 1488 653 collationem

278 669 408 708 habet
434 674 507 707 aut
531 674 732 720 tanquam
756 670 980 720 imaginem
999 681 1008 706 :
1049 667 1323 714 collationem,
1349 673 1397 707 ut
1420 668 1488 708 ille

280 723 422 763 Gallus
451 723 548 762 olim
575 725 695 761 testis
723 725 767 761 in
796 722 1000 768 Pisonem,
1027 735 1120 760 cum
1147 722 1489 762 innumerabilem

282 779 425 831 Magio
461 776 673 830 praefecto
710 779 928 829 pecuniam
964 777 1136 815 dixisset
1172 777 1328 823 datam,
1363 777 1489 830 idque

280 833 454 872 Scaurus
497 834 705 871 tenuitate
755 831 887 883 Magii
933 831 1236 883 redargueret:
1306 831 1315 846 ‘
1338 831 1489 878 Erras,'

279 890 428 940 inquit,
449 886 458 901 ‘
473 886 624 925 Scaure
643 899 653 932 ;
684 899 762 938 ego
783 889 893 924 enim
915 885 1104 938 Magium
1127 899 1210 924 non
1229 899 1488 926 conservasse

279 943 384 988 dico,
415 941 489 980 sed
519 947 719 993 tanquam
749 940 883 979 nudus
913 953 1038 979 nuces
1068 940 1243 993 legeret,
1272 943 1316 979 in
1344 946 1489 980 ventre

280 996 496 1035 abstulisse
512 995 549 1042 ’3
594 1001 643 1035 ut
678 994 747 1033 ille
792 994 852 1033 M.
892 994 1034 1034 Cicero
1071 1008 1214 1041 senex,
1249 994 1369 1034 huius
1416 997 1489 1034 viri

279 1053 439 1103 optimi,
477 1052 606 1088 nostri
652 1048 876 1095 familiaris,
917 1054 1052 1100 pater,
1099 1055 1258 1088 nostros
1304 1049 1489 1089 homines

280 1105 431 1144 similes
457 1118 547 1143 esse
572 1103 766 1156 Syrorum
790 1103 996 1142 venalium
1015 1118 1024 1142 :
1064 1109 1112 1142 ut
1136 1106 1310 1156 quisque
1334 1107 1490 1156 optime

282 1161 440 1199 Graece
459 1162 596 1204 sciret,
614 1161 675 1197 ita
694 1172 783 1197 esse
802 1161 1109 1210 nequissimum.

197 1224 263 1258 266
332 1214 463 1252 Valde
481 1219 623 1252 autem
639 1213 826 1251 ridentur
844 1215 971 1251 etiam
987 1215 1202 1265 imagines,
1219 1225 1326 1264 quae
1343 1211 1431 1252 fere
1447 1215 1490 1252 in

280 1268 604 1313 deformitatem,
640 1273 714 1306 aut
747 1270 790 1305 in
825 1267 991 1319 aliquod
1025 1270 1171 1306 vitium
1205 1270 1382 1319 corporis
1417 1267 1490 1307 du-

279 1329 429 1362 cuntur
448 1336 542 1361 cum
562 1321 828 1360 similitudine
849 1324 1040 1373 turpioris
1059 1335 1068 1360 :
1103 1327 1152 1360 ut
1170 1335 1311 1360 meum
1329 1322 1430 1361 illud
1448 1325 1490 1361 in

280 1378 475 1416 Helvium
506 1377 715 1415 Manciam
742 1375 750 1390 ‘
767 1376 857 1415 Iam
887 1376 1105 1415 ostendam
1133 1376 1358 1415 cuiusmodi
1387 1379 1440 1415 sis
1455 1375 1492 1423 ’ς

279 1446 373 1472 curn
410 1431 478 1470 ille
535 1430 543 1445 ‘
564 1431 766 1477 Ostende,
813 1429 995 1483 quaeso‚'
1036 1430 1313 1469 demonstravi
1360 1431 1491 1483 digito

279 1490 437 1539 pictum
453 1485 618 1525 Gallum
637 1488 680 1524 in
697 1485 886 1524 Mariano
906 1490 1022 1524 scuto
1038 1484 1241 1524 Cimbrico
1260 1485 1337 1524 sub
1352 1485 1490 1532 Novis,

328 1610 345 1626 ⁰
369 1605 437 1640 See
454 1604 559 1639 Book
577 1604 627 1644 11,
644 1604 717 1645 lix..
727 1616 856 1648 supra.

331 1649 344 1670 ⁶
369 1650 426 1683 He
440 1652 562 1683 meant
574 1649 654 1682 that
667 1649 722 1682 his
735 1649 945 1692 prophecies
958 1649 1000 1682 of
1009 1647 1132 1691 public
1145 1647 1312 1682 disasters
1324 1651 1363 1682 at
1376 1648 1491 1683 Rome

282 1693 354 1727 had
374 1696 447 1727 met
464 1693 550 1726 with
569 1703 616 1726 no
634 1703 732 1726 more
749 1693 862 1726 credit
878 1693 966 1726 than
984 1692 1086 1726 those
1103 1693 1145 1726 of
1159 1691 1374 1732 Cassandra,
1394 1692 1491 1736 King

283 1737 434 1771 Priam's
452 1736 643 1780 daughter,
661 1740 699 1770 at
717 1736 825 1780 Troy,
843 1736 983 1779 though
1001 1736 1088 1779 they
1106 1735 1179 1770 had
1197 1735 1331 1780 proved
1349 1746 1390 1770 as
1407 1747 1491 1770 oon-

282 1780 445 1823 sistently
469 1783 560 1814 true.
610 1780 713 1813 After
738 1780 799 1814 the
824 1779 888 1813 fall
914 1781 956 1813 of
976 1779 1073 1822 Troy
1098 1779 1159 1813 the
1184 1779 1392 1823 prophet-ss
1418 1789 1491 1814 was

282 1824 456 1868 outraged
475 1823 526 1867 by
544 1823 615 1857 this
632 1823 736 1866 Ajax.
787 1824 802 1857 1
827 1823 948 1857 follow
965 1823 1170 1866 Conington
1185 1834 1233 1857 on
1248 1823 1389 1858 Ameid
1406 1824 1429 1857 i.
1445 1825 1490 1857 46

282 1870 318 1902 in
332 1869 487 1945 treating
503 1867 619 1902 Oileos
632 1878 672 1901 as
685 1878 708 1901 a
721 1867 842 1902 Greek
855 1868 1011 1911 genitive
1023 1866 1196 1910 singular,
1210 1870 1274 1901 not
1285 1877 1333 1901 an
1347 1877 1491 1901 accusa·

282 1914 351 1946 tive
407 1923 472 1945 ura
488 1936 496 1945 .

332 1960 344 1975 ⁰
400 1956 444 1989 he
464 1954 657 1998 allegation
680 1955 708 1988 is
731 1954 810 1988 that
833 1955 893 1988 the
915 1965 1045 1997 money
1067 1954 1132 1988 has
1154 1954 1245 1988 been
1266 1953 1490 1997 squandered

282 2000 317 2032 in
340 1999 649 2042 sels-indulgence,
669 1999 760 2032 after
775 1999 885 2041 being
902 1997 1060 2031 received
1078 1998 1128 2041 by
1145 1998 1292 2041 Magius
1307 2009 1355 2032 on
1370 1996 1496 2032 behalf

281 2043 323 2076 of
337 2043 430 2082 Piso,
448 2042 529 2076 who
546 2043 575 2076 is
591 2053 638 2075 on
655 2042 736 2075 trial
752 2043 808 2076 for
824 2043 1011 2076 extortion.

281 2106 356 2147 398
