1560 2294
730 100 934 140 CICERO

232 206 358 243 etiam
394 217 489 243 vere
525 204 662 243 dicere
698 204 883 243 videaris.
939 204 1030 243 Hoc
1065 205 1238 257 amphus
1272 208 1306 245 si
1340 206 1440 259 quid

229 280 398 330 poteris,
413 291 495 316 non
514 277 556 316 id
574 277 673 315 mihi
693 277 899 316 videbitur
917 284 1068 325 orator,
1087 279 1162 318 sed
1179 279 1347 319 Crassus
1365 293 1440 319 sua

230 351 409 403 quadam
437 354 615 403 propria,
641 365 724 390 non
752 354 958 390 communi
987 358 1195 391 oratorum
1224 352 1439 401 facultate,

228 438 360 476 posse.

165 506 210 540 45
280 498 355 537 XI.
391 499 496 537 Tum
515 498 583 536 ille
599 512 609 537 ι
638 498 731 537 Non
751 512 856 545 sum,
875 501 1023 551 inquit,
1042 502 1216 547 nescius,
1231 500 1438 550 Scaevola,

229 575 310 611 ista
333 575 442 611 inter
468 572 646 611 Graecos
672 572 751 611 dici
777 578 822 611 et
846 573 1066 625 disceptari
1091 574 1234 613 solere.
1288 575 1439 615 Audivi

230 649 340 685 enim
364 659 543 685 summos
565 645 765 692 homines,
785 660 878 685 cum
902 653 1096 699 quaestor
1116 661 1168 686 ex
1193 648 1440 688 Macedonia

230 723 432 759 venissem
450 719 652 766 Athenas,
670 719 844 759 florente
862 720 1101 768 Academia,
1119 727 1168 760 ut
1185 724 1438 775 temporibus

228 794 305 832 illis
322 793 548 840 ferebatur,
564 794 675 845 quod
693 807 785 832 eam
803 794 1068 841 Charmadas,
1086 801 1131 834 et
1148 795 1439 845 Clitomachus,

229 873 274 907 et
302 867 527 906 Aeschines
557 868 815 906 obtinebant.
870 868 973 907 Erat
1002 871 1129 907 etiam
1160 869 1438 919 Metrodorus,

228 945 298 995 qui
319 956 413 981 cum
433 941 510 980 illis
531 955 614 980 una
634 944 768 993 ipsum
789 942 903 981 illum
924 941 1180 982 Carneadem
1201 944 1438 997 diligentius

228 1016 430 1062 audierat,
452 1015 661 1054 hominem
684 1018 866 1054 omnium
887 1018 930 1054 in
952 1016 1140 1063 dicendo,
1162 1023 1211 1056 ut
1231 1017 1438 1068 ferebant,

227 1093 469 1129 acerrimum
490 1095 534 1128 et
557 1092 889 1141 copiosissimum.
944 1089 1125 1143 Vigebat
1148 1092 1310 1132 auditor
1332 1093 1437 1132 Pan—

227 1167 325 1203 aetii
353 1164 459 1203 illius
486 1167 546 1202 tui
576 1163 874 1210 Mnesarchus3
903 1169 948 1203 et
973 1164 1240 1216 Peripatetici
1268 1166 1436 1207 Critolai

163 1243 208 1276 46
227 1238 443 1276 Diodorus.
501 1237 627 1275 Multi
645 1243 763 1276 erant
778 1242 996 1289 praeterea
1012 1237 1109 1277 clari
1123 1241 1167 1277 in
1181 1239 1437 1293 philosophia

227 1317 272 1350 et
293 1311 463 1357 nobiles,
487 1325 511 1349 a
533 1312 680 1363 quibus
703 1312 890 1350 omnibus
913 1325 995 1350 una
1016 1325 1149 1364 paene
1173 1326 1271 1353 voce
1293 1315 1436 1367 repelli

226 1391 431 1424 oratorem
456 1399 480 1423 a
502 1385 788 1437 gubernaculis
812 1387 1040 1432 civitatum,
1065 1386 1226 1425 excludi
1249 1388 1302 1426 ab
1325 1392 1435 1428 omni

226 1460 412 1498 doctrina
438 1472 657 1510 rerumque
684 1461 885 1497 maiorum
912 1461 1098 1506 scientia,
1126 1474 1172 1499 ac
1199 1466 1364 1501 tantum
1391 1465 1434 1502 in

226 1533 374 1572 iudicia
402 1539 446 1571 et
473 1532 770 1578 conciunculas,
798 1538 997 1584 tanquam
1030 1535 1073 1571 in
1101 1533 1267 1586 aliquod
1299 1538 1434 1587 pistri—

162 1619 205 1652 47
226 1621 338 1653 num,
363 1607 528 1646 detrudi
547 1612 592 1645 et
612 1609 817 1658 compingi
838 1592 1040 1645 videbam.
1094 1606 1176 1646 Sed
1199 1621 1277 1660 ego
1296 1622 1432 1662 neque

225 1681 300 1720 illis
341 1681 609 1726 assentiebar,
648 1693 784 1732 neque
823 1679 968 1718 harum
1008 1680 1334 1732 disputationum
1372 1685 1433 1722 in-

225 1757 384 1794 ventori
408 1759 452 1792 et
475 1756 646 1805 principi
670 1753 792 1805 longe
816 1756 997 1792 omnium
1021 1756 1063 1792 in
1086 1754 1259 1794 dicendo
1281 1759 1433 1808 gravis-

224 1830 326 1867 simo
357 1833 401 1866 et
431 1827 778 1878 eloquentissimo,
800 1827 974 1873 Platoni,
995 1830 1108 1867 cuius
1138 1834 1228 1868 tum
1256 1829 1432 1870 Athenis

224 1915 318 1941 cum
353 1900 583 1939 Charmada
617 1901 853 1952 diligentius
887 1901 969 1953 legi
1004 1901 1198 1954 Gorgiam
1219 1916 1227 1941 :
1276 1917 1357 1955 quo
1389 1906 1433 1943 in

224 1974 326 2013 libro
346 1977 388 2013 in
408 1974 485 2013 hoc
504 1977 683 2014 maxime
704 1974 934 2014 admirabar
954 1974 1184 2023 Platonem,
1205 1977 1314 2029 quod
1333 1977 1430 2017 mihi

222 2055 274 2091 34
