1560 2294
747 110 951 150 CICERO

243 219 540 260 claudicatione
557 215 828 255 animadverti
842 217 993 266 potuit,
1009 220 1073 253 est
1087 214 1271 254 ductum.
1315 214 1325 230 ¹
1343 215 1454 265 Quid

242 274 320 314 hoc
347 274 502 312 Naevio
532 270 749 324 ignavius?
765 269 774 283 ’
813 282 955 308 severe
982 268 1128 320 Scipio.
1189 269 1248 309 At
1275 272 1318 308 in
1345 271 1453 311 male

243 330 440 374 olentem,
466 326 475 341 ‘
494 327 626 365 Video
653 337 722 363 me
751 337 776 362 a
803 330 847 362 te
876 323 1185 370 circumveniri,'
1207 324 1453 365 subridicule

244 384 467 435 Philippus.
528 381 588 420 At
622 385 844 430 utrumque
878 391 1009 430 genus
1043 380 1230 417 continet
1258 380 1372 418 verbi
1400 380 1453 420 ad

242 439 426 477 litteram
444 437 654 474 immutati
672 433 908 472 similitudo.

160 497 226 530 250
294 493 359 531 Ex
393 491 586 542 ambiguo
620 489 732 527 dicta
758 487 824 526 vel
852 489 1112 539 argutissima
1139 492 1354 538 putantur,
1380 489 1456 529 sed

244 561 326 586 non
345 558 508 596 semper
525 547 569 582 in
587 546 690 589 ioco,
709 555 834 593 saepe
855 544 982 580 etiam
1000 543 1043 579 in
1067 543 1272 593 gravitate
1292 555 1455 582 versan-

244 608 324 640 tur.
379 599 573 639 Africano
591 598 648 635 illi
668 598 880 648 superiori,
898 609 1089 634 coronam
1108 596 1184 634 sibi
1206 598 1250 634 in
1272 600 1454 637 convivio

245 656 298 695 ad
317 660 442 707 caput
462 652 802 697 accommodanti,
816 664 910 690 cum
930 663 980 688 ea
999 653 1161 701 saepius
1179 657 1455 702 rumperetur,

246 711 290 749 P.
313 710 491 748 Licinius
512 708 657 752 Varus,
678 706 686 720 ‘
703 705 797 744 Noli
820 704 987 751 mirari,’
1006 707 1155 756 inquit,
1176 704 1184 718 ‘
1199 707 1233 743 si
1256 719 1339 744 non
1361 720 1455 745 con-

245 768 359 804 venit
378 778 387 803 ε
446 768 571 814 caput
609 763 719 800 enim
754 773 952 812 magnum
989 765 1054 798 est
1072 758 1081 772 ’
1101 773 1110 797 ε
1168 759 1374 799 laudabile
1411 766 1455 800 et

245 820 477 858 honestum.
534 817 594 855 At
615 829 667 854 ex
690 815 837 853 eodem
863 827 1017 866 genere
1044 819 1132 852 est:
1162 813 1171 827 ‘
1187 813 1335 853 Calvus
1356 818 1455 855 satis

190 915 199 924 ,
247 880 325 920 est,
351 872 462 925 quod
487 871 587 910 dicit
611 868 785 922 parum.'
855 868 918 907 Ne
943 868 1103 907 multa:
1143 868 1300 908 nullum
1324 883 1455 922 genus

248 934 312 968 est
325 930 416 973 ioci,
432 940 513 978 quo
528 939 611 964 non
626 938 679 963 ex
694 924 842 963 eodem
856 936 999 961 severa
1014 928 1058 961 et
1072 925 1213 975 gravia
1227 930 1454 964 sumantur.

165 989 226 1021 251
299 983 441 1034 Atque
467 980 544 1019 hoc
572 982 699 1018 etiam
726 977 1138 1016 animadvertendum
1163 983 1240 1024 est,
1260 991 1343 1016 non
1366 992 1456 1018 esse

247 1039 384 1076 omnia
409 1034 580 1074 ridicula
605 1033 755 1072 faceta.
811 1031 921 1080 Quid
949 1034 1059 1070 enim
1084 1037 1226 1083 potest
1253 1045 1342 1071 esse
1369 1039 1456 1072 tam

246 1091 476 1136 ridiculum,
504 1102 629 1141 quam
656 1089 799 1126 sannio
828 1087 926 1125 est?
988 1085 1070 1124 Sed
1097 1099 1182 1132 ore,
1210 1086 1340 1134 vultu,
1368 1090 1457 1126 imi-

247 1146 384 1185 tandis
410 1145 604 1189 moribus,
631 1155 744 1188 voce,
771 1141 950 1192 denique
977 1154 1145 1192 corpore
1171 1140 1329 1180 ridetur
1354 1144 1455 1194 ipso.

248 1200 407 1239 Salsum
429 1199 538 1237 hunc
561 1210 727 1248 possum
753 1196 904 1241 dicere,
928 1200 1055 1246 atque
1078 1197 1152 1241 ita,
1175 1208 1259 1234 non
1281 1202 1330 1235 ut
1353 1199 1458 1236 eius-

247 1255 358 1294 modi
377 1259 582 1292 oratorem
602 1264 691 1290 esse
709 1250 846 1296 velim,
865 1249 939 1288 sed
957 1255 1004 1287 ut
1022 1251 1206 1288 mimum.

301 1309 433 1348 LXII.
464 1307 602 1355 Quare
628 1308 806 1357 primum
831 1317 962 1356 genus
988 1303 1079 1350 hoc,
1106 1303 1217 1355 quod
1241 1307 1367 1344 risum
1393 1305 1458 1344 vel

247 1366 426 1402 maxime
450 1366 604 1406 movet,
628 1373 710 1398 non
735 1364 799 1398 est
822 1364 1008 1397 nostrum
1027 1372 1036 1397 :
1074 1371 1294 1405 morosum,
1317 1373 1458 1411 super-

248 1421 467 1463 stitiosum,
489 1417 769 1467 suspiciosum,
790 1413 1025 1466 gloriosum,
1046 1412 1220 1451 stultum
1238 1425 1248 1459 ;
1284 1419 1458 1453 naturae

247 1473 434 1512 ridentur
456 1474 570 1522 ipsae
589 1484 598 1508 :
637 1481 738 1521 quas
761 1481 956 1520 personas
980 1469 1138 1519 agitare
1162 1467 1353 1515 solemus,
1376 1482 1458 1508 non

293 1586 309 1601 ⁶
334 1580 515 1614 Professor
536 1577 693 1612 Wilkins
725 1576 797 1610 and
825 1576 944 1610 others
967 1575 1086 1610 would
1113 1576 1268 1619 sharpen
1295 1576 1356 1611 the
1382 1588 1458 1620 pun

249 1636 347 1677 upon
377 1624 447 1658 this
478 1634 585 1656 name
614 1622 665 1665 by
695 1621 930 1663 substituting
967 1619 1028 1653 the
1065 1619 1133 1654 less
1170 1631 1336 1654 common
1366 1619 1459 1655 form

248 1670 422 1744 Nffivssffis
449 1708 589 1752 alleged
612 1708 701 1751 joke
728 1718 842 1741 seems
869 1709 907 1740 to
935 1707 1075 1749 require
1101 1706 1163 1740 the
1189 1707 1340 1750 coinage
1367 1707 1410 1740 of
1436 1717 1460 1740 a

250 1755 347 1790 word
364 1753 631 1792 hircumveniri,
648 1752 767 1785 hircus
783 1751 893 1794 being
912 1750 1019 1783 Latin
1040 1752 1104 1784 not
1123 1749 1210 1793 only
1225 1751 1282 1784 for
1297 1750 1319 1765 ‘⁸
1334 1749 1459 1794 goat,”

250 1800 316 1833 but
329 1799 405 1832 also
419 1799 474 1831 for
487 1797 548 1831 the
560 1807 647 1839 very
661 1795 754 1829 rank
768 1794 883 1828 odour
895 1794 1159 1828 characteristic
1171 1795 1213 1828 of
1220 1794 1300 1828 that
1312 1793 1458 1828 animal.

299 1848 311 1864 ⁶
338 1843 456 1885 Caput
477 1843 506 1874 is
528 1841 639 1892 Latin·
656 1841 711 1872 for
731 1838 783 1882 (1)
804 1850 826 1872 a
847 1839 981 1871 human
1003 1839 1178 1878 cranium,
1199 1837 1251 1880 (2)
1271 1837 1332 1872 the
1354 1836 1458 1872 Head

250 1885 523 1963 ofgffiaqdlgcggt
539 1884 695 1970 ῐξιοὲέξιῗε
720 1925 863 1960 natural
887 1937 928 1959 or
953 1924 1234 1968 metaphorical:
1274 1925 1334 1959 the
1359 1927 1461 1959 exact

251 1973 519 2051 &gagi-Sibis
549 1971 757 2015 pleasantry
785 1980 900 2004 seems
928 1971 966 2003 to
996 1968 1087 2003 have
1116 1968 1245 2003 eluded
1274 1969 1336 2004 the
1364 1979 1461 2003 com·

252 2082 329 2118 384
