1560 2294
739 97 944 137 CICERO

151 209 216 243 174
288 201 363 240 Illa
393 214 489 239 vero
521 200 747 240 deridenda
778 204 1013 254 arrogantia
1044 208 1122 248 est,
1152 204 1195 241 in
1223 203 1447 242 minoribus

233 275 404 325 navigiis
425 272 572 311 rudem
593 285 683 311 esse
705 285 749 311 se
770 272 957 311 confiteri
975 285 985 319 3
1021 276 1354 326 quinqueremes,
1374 279 1448 314 aut

233 346 360 383 etiam
393 346 582 390 maiores,
611 344 843 396 gubernare
875 344 1076 383 didicisse.
1131 345 1194 383 Tu
1225 345 1326 384 mihi
1353 359 1448 385 cum

231 416 275 454 in
314 415 463 454 circulo
504 415 710 466 decipiare
751 415 971 454 adversarii
1012 415 1362 467 stipulatiuncula,
1403 422 1448 456 et

232 499 327 526 cum
350 487 542 539 obsignes
565 486 739 525 tabellas
763 486 923 525 clientis
947 489 1023 533 tui,
1047 487 1195 539 quibus
1217 490 1260 526 in
1285 487 1447 527 tabellis

232 557 276 596 id
306 561 360 596 sit
391 560 602 609 scriptum,
634 571 715 610 quo
745 557 814 596 ille
845 560 1060 609 capiatur3
1107 572 1185 611 ego
1215 559 1292 598 tibi
1322 559 1447 598 ullam

233 642 399 668 causam
447 631 645 667 maiorem
691 629 1032 668 committendam
1078 630 1253 682 putem?
1318 630 1448 669 Citius

233 699 398 739 hercule
415 702 463 747 is,
481 703 551 753 qui
569 700 743 739 duorum
760 700 1004 739 scalmorum
1021 701 1250 740 naviculam
1266 704 1309 740 in
1324 707 1446 753 portu

234 773 445 818 everterit,
481 774 524 810 in
561 772 724 810 Euxino
760 777 889 824 ponto
927 772 1263 824 Argonautarum
1299 786 1446 812 navem

151 853 213 886 175
232 843 497 895 gubernarit!
554 842 679 891 Quid,
694 845 727 881 si
746 856 800 882 ne
818 856 970 895 parvae
986 843 1155 895 quidem
1170 857 1318 883 causae
1337 850 1447 891 sunt,

232 914 307 953 sed
324 927 448 966 saepe
466 917 688 960 maximae,
704 917 748 952 in
771 915 919 966 quibus
937 920 1121 954 certatur
1138 915 1191 954 de
1207 916 1296 954 iure
1314 915 1419 954 civili
1437 929 1448 963 3

233 986 344 1038 quod
366 985 539 1024 tandem
561 999 606 1024 os
629 990 694 1024 est
715 985 821 1025 illius
844 988 1022 1038 patroni,
1045 988 1115 1038 qui
1138 985 1191 1025 ad
1214 999 1283 1025 eas
1305 999 1447 1026 causas

231 1059 319 1096 sine
337 1056 420 1095 ulla
437 1059 609 1096 scientia
625 1059 722 1095 iuris
741 1057 870 1096 audet
887 1057 1084 1096 accedere
1103 1058 1118 1096 ?
1173 1057 1292 1106 Quae
1309 1060 1447 1110 potuit

231 1131 358 1181 igitur
381 1141 470 1167 esse
492 1141 616 1167 causa
636 1130 779 1174 maior,
802 1142 927 1180 quam
954 1128 1060 1167 illius
1083 1128 1237 1175 militis,
1259 1129 1312 1168 de
1334 1131 1447 1168 cuius

231 1205 365 1238 morte
388 1213 482 1238 cum
506 1199 674 1238 domum
693 1198 819 1238 falsus
843 1200 896 1238 ab
916 1203 1101 1238 exercitu
1124 1202 1293 1239 nuntius
1317 1203 1447 1239 venis-

231 1276 311 1317 set,
331 1276 375 1309 et
392 1276 513 1323 pater
532 1273 634 1317 eius,
651 1284 696 1310 re
720 1271 892 1318 credita,
910 1276 1212 1311 testamentum
1230 1277 1447 1319 mutasset,

233 1347 291 1388 et,
315 1356 439 1394 quem
463 1345 502 1381 ei
524 1345 656 1381 visum
680 1348 804 1389 esset,
827 1341 996 1382 fecisset
1017 1342 1230 1390 heredem,
1254 1348 1446 1395 essetque

231 1416 320 1465 ipse
348 1419 560 1452 mortuus:
597 1426 662 1452 res
692 1413 832 1452 delata
862 1419 926 1453 est
955 1414 1008 1453 ad
1036 1416 1325 1461 centumviros,
1353 1427 1447 1454 cum

231 1484 348 1523 miles
374 1485 543 1524 domum
568 1487 810 1531 revenisset,
837 1488 1074 1538 egissetque
1099 1485 1194 1538 lege
1219 1488 1262 1525 in
1287 1485 1447 1525 heredi-

231 1562 365 1595 tatem
383 1562 617 1608 paternam,
636 1561 892 1596 testamento
913 1556 1086 1596 exheres
1107 1557 1212 1596 filius
1230 1557 1246 1596 ?
1285 1556 1446 1609 Nempe

231 1630 273 1665 in
303 1641 354 1667 ea
383 1641 506 1667 causa
536 1630 771 1680 quaesitum
803 1633 867 1667 est
901 1628 953 1667 de
983 1630 1072 1667 iure
1102 1628 1222 1675 civili,
1251 1634 1446 1681 possetne

231 1704 498 1751 paternorum
517 1699 718 1738 bonorum
739 1698 912 1738 exheres
933 1713 1022 1738 esse
1044 1699 1163 1746 filius,
1183 1713 1308 1752 quem
1326 1705 1447 1751 pater

232 1775 486 1809 testamento
541 1783 679 1822 neque
734 1769 946 1817 heredem,
1002 1783 1139 1823 neque
1195 1769 1446 1810 exheredem

233 1844 460 1893 scripsisset
479 1844 735 1880 nominatim.

153 1921 215 1955 176
285 1912 479 1951 XXXIX.
510 1911 653 1961 Quid?
707 1926 790 1964 qua
826 1913 879 1952 de
916 1926 960 1951 re
997 1915 1107 1952 inter
1146 1912 1364 1952 Marcellos
1401 1917 1447 1952 et

235 1983 425 2023 Claudios
451 1986 643 2036 patricios
670 1987 913 2023 centumviri
938 1984 1185 2032 iudicarunt,
1210 1997 1304 2023 cum
1334 1983 1446 2023 Mar-

237 2059 310 2094 120
