1560 2294
775 126 979 167 CICERO

270 227 535 276 immortales,
559 243 665 281 quae
694 230 774 270 fuit
799 231 881 278 illa,
907 238 1064 285 quanta
1091 232 1177 272 vis!
1216 246 1341 285 quam
1369 236 1483 272 inex-

269 299 480 348 spectata!
526 314 650 352 quam
689 303 930 353 repentina!
968 317 1061 342 cum
1109 306 1302 343 coniectis
1344 303 1482 351 ocuIiS‚

270 374 392 420 gestu
413 373 523 408 omni
545 374 583 409 ei
603 374 849 420 imminenti,
870 386 1031 412 summa
1050 378 1256 426 gravitate
1278 380 1322 414 et
1342 375 1482 414 celeri-

270 443 360 478 tate
400 442 616 480 verborum
657 441 666 456 ‘
684 442 826 490 Brute,
867 445 966 496 quid
1009 445 1128 484 sedes
1147 445 1162 483 ?
1223 444 1334 494 Quid
1371 446 1482 485 illam

269 522 393 549 anum
425 515 534 563 patri
566 516 757 552 nuntiare
790 517 848 553 vis
881 521 954 554 tuo
973 516 989 554 ?
1037 515 1137 567 quid
1167 516 1244 555 illis
1277 517 1480 563 omnibus,

271 594 444 632 quorum
468 585 668 635 imagines
693 585 786 623 duci
811 585 923 624 vides
942 586 958 624 ?
998 587 1098 638 quid
1120 587 1341 626 maioribus
1364 587 1480 626 tuis?

268 652 368 703 quid
400 652 446 691 L.
478 653 621 701 Bruto,
653 658 722 707 qui
753 655 862 694 hunc
892 657 1089 709 populum
1121 657 1335 696 dominatu
1365 660 1478 710 regio

267 721 490 763 liberavit?
533 725 642 774 Quid
669 731 713 765 te
742 728 900 779 agere?
943 727 1019 767 Cui
1045 731 1119 774 rei,
1138 731 1203 767 cui
1230 728 1398 781 gloriae,
1417 731 1481 768 cui

271 796 412 833 virtuti
431 796 598 835 studere
613 797 628 835 ?
671 797 976 838 Patrimonione
997 799 1217 851 augendo?
1260 799 1320 838 At
1337 799 1381 839 id
1399 813 1481 839 non

270 870 334 903 est
371 866 612 914 nobilitatis,
644 868 719 907 sed
755 867 821 908 fac
859 882 963 916 esse,
996 870 1096 908 nihil
1134 875 1324 922 superest
1341 883 1352 917 ;
1390 870 1479 909 libi-

186 937 251 971 226
268 935 383 974 dines
399 942 535 976 totum
551 938 863 990 dissipaverunt.
919 941 987 979 An
1000 943 1077 980 iuri
1091 941 1197 980 civili
1215 941 1231 980 ?
1262 946 1326 980 est
1339 946 1476 993 pater-

269 1020 380 1046 num.
436 1007 518 1047 Sed
541 1009 652 1048 dicet
674 1015 733 1056 te,
756 1024 850 1049 cum
871 1011 994 1051 aedes
1010 1012 1224 1058 venderes,
1242 1025 1296 1051 ne
1314 1015 1357 1050 in
1376 1014 1478 1051 rutis

269 1078 436 1129 quidem
454 1085 498 1118 et
515 1082 642 1118 caesis
660 1081 805 1120 solium
822 1082 898 1121 tibi
914 1088 1135 1134 paternum
1151 1085 1366 1135 recepisse.
1411 1084 1478 1122 An

269 1151 329 1187 rei
347 1149 543 1189 militari?
598 1150 679 1199 Qui
699 1165 910 1204 nunquam
930 1160 1064 1192 castra
1083 1153 1256 1193 videris!
1310 1154 1378 1193 An
1398 1153 1478 1193 elo—

271 1221 497 1271 quentiae?
527 1235 634 1273 quae
653 1222 764 1262 nulla
784 1229 848 1262 est
867 1226 909 1261 in
929 1229 987 1270 te,
1004 1229 1061 1270 et,
1078 1224 1272 1276 quicquid
1292 1230 1356 1263 est
1371 1227 1478 1264 vocis

271 1303 319 1328 ac
347 1290 526 1343 linguae,
559 1306 680 1331 omne
711 1296 754 1332 in
783 1296 909 1332 istum
940 1297 1221 1346 turpissimum
1251 1295 1478 1335 calumniae

271 1367 489 1413 quaestum
514 1363 723 1402 contulisti
742 1364 750 1403 !
804 1364 867 1403 Tu
886 1365 1020 1403 lucem
1041 1368 1222 1417 aspicere
1243 1366 1369 1405 audes
1387 1367 1403 1404 ?
1431 1372 1480 1405 tu

270 1431 343 1470 hos
362 1435 514 1472 intueri
531 1434 547 1472 ?
582 1439 630 1473 tu
648 1437 691 1473 in
709 1434 811 1482 foro,
831 1441 879 1474 tu
898 1438 940 1474 in
959 1437 1075 1483 urbe,
1094 1442 1142 1475 tu
1161 1439 1204 1475 in
1223 1439 1369 1475 civium
1391 1450 1479 1476 esse

270 1509 492 1555 conspectu
507 1505 522 1542 ?
566 1505 628 1543 Tu
643 1505 754 1544 illam
768 1512 989 1553 mortuam,
1001 1512 1048 1546 tu
1063 1510 1263 1560 imagines
1277 1510 1385 1559 ipsas
1398 1521 1479 1547 non

270 1573 571 1626 perhorrescis?
620 1578 766 1628 quibus
799 1591 882 1616 non
913 1578 1035 1616 modo
1067 1578 1289 1624 imitandiS‚
1321 1578 1395 1617 sed
1426 1591 1479 1618 ne

272 1645 513 1684 collocandis
533 1647 700 1699 quidem
720 1649 796 1687 tibi
815 1648 949 1687 locum
969 1649 1095 1687 ullum
1115 1647 1341 1701 reliquisti.’

188 1725 252 1759 227
325 1716 431 1755 LVI.
461 1716 543 1756 Sed
561 1717 664 1757 haec
680 1722 836 1771 tragica
852 1725 979 1771 atque
999 1720 1157 1767 divina3
1187 1719 1323 1759 faceta
1338 1725 1478 1760 autem

274 1792 318 1826 et
337 1788 494 1826 urbana
513 1790 826 1828 innumerabilia
846 1803 898 1829 ex
913 1804 995 1828 una
1014 1793 1205 1830 contione
1221 1793 1476 1830 meministis.

319 1939 334 1954 ⁰
360 1934 402 1968 In
428 1935 569 1970 Roman
595 1937 681 1970 Law
704 1937 870 1972 minerals
893 1937 1041 1981 already
1064 1938 1230 1980 quarried
1253 1939 1326 1973 and
1348 1938 1477 1973 timber

271 1977 419 2022 already
434 1979 541 2014 felled
554 1991 645 2014 were
660 1980 809 2015 deemed
830 1985 868 2015 to
884 1982 929 2016 be
944 1982 1113 2025 excepted
1128 1982 1223 2016 from
1238 1982 1299 2017 the
1313 1982 1387 2017 sale
1402 1983 1444 2017 of
1453 1993 1476 2017 a

272 2023 377 2062 farm,
393 2023 513 2058 unless
528 2024 709 2068 expressly
725 2025 903 2060 included.

272 2090 348 2125 864
