1560 2294
736 116 942 158 CICERO

230 217 410 255 maxime
428 217 660 265 illustravit,
679 220 881 267 adiunxit,
901 224 1063 261 etiamsi
1081 236 1183 275 opus
1202 228 1280 270 est,
1298 229 1440 263 tamen

229 288 363 326 minus
384 294 448 327 est
468 293 756 330 necessarium.
815 292 1023 341 Quidnam
1041 294 1057 332 ?
1086 297 1222 347 inquit
1244 294 1440 343 Catulus3

228 369 282 396 an
300 357 559 400 laudationes
578 362 593 400 ?
621 362 664 401 id
684 365 794 402 enim
814 364 934 403 video
953 367 1048 416 poni
1069 379 1200 418 genus
1220 369 1405 406 tertium.

166 430 213 464 44
279 428 354 468 XI.
386 430 467 478 Ita,
487 435 622 484 inquit
645 434 865 481 Antonius,
886 440 930 474 et
952 438 995 474 in
1022 449 1071 476 eo
1097 436 1266 489 quidem
1284 451 1438 490 genere

227 502 309 539 scio
336 507 380 540 et
404 516 487 549 me,
512 509 556 542 et
575 518 717 544 omnes
743 508 813 558 qui
835 506 1073 554 adfuerunt,
1094 507 1322 548 delectatos
1348 522 1437 548 esse

227 570 510 621 vehementer,
537 589 631 615 cum
660 577 733 615 abs
762 582 806 616 te
837 583 901 616 est
930 577 1100 631 Popilia,
1123 585 1259 619 mater
1287 586 1437 627 vestra,

225 641 408 691 laudata,
428 649 493 684 cui
513 650 691 697 primum
710 648 871 687 mulieri
889 648 999 688 hunc
1018 649 1215 690 honorem
1235 653 1278 690 in
1297 657 1437 691 nostra

224 716 393 754 civitate
408 718 612 757 tributum
626 724 742 770 puto.
790 718 872 759 Sed
888 734 970 759 non
985 724 1136 768 omnia,
1151 735 1436 775 quaecumque

223 783 440 837 loquimur,
468 788 569 827 mihi
597 790 789 830 videntur
817 791 871 830 ad
899 797 1032 831 artem
1061 798 1106 831 et
1133 793 1187 832 ad
1213 799 1436 846 praecepta

160 856 206 890 45
225 869 314 896 esse
332 860 575 899 revocanda.
633 861 698 900 Ex
721 864 780 900 eis
807 865 916 902 enim
942 862 1140 910 fontibus,
1163 864 1273 903 unde
1299 868 1436 904 omnia

222 935 446 981 praecepta
484 931 647 971 dicendi
684 939 916 981 sumuntur,
952 934 1094 974 licebit
1132 938 1258 975 etiam
1294 935 1435 975 lauda-

222 1001 378 1039 tionem
399 1015 559 1049 ornare,
580 1017 717 1056 neque
737 1004 807 1043 illa
828 1004 1036 1045 elementa
1057 1005 1305 1054 desiderare,
1325 1020 1433 1060 quae

220 1076 269 1109 ut
295 1085 417 1111 nemo
445 1074 599 1121 tradat,
626 1078 717 1127 quis
745 1081 823 1122 est,
851 1079 922 1129 qui
948 1080 1120 1124 nesciat,
1147 1091 1255 1130 quae
1281 1081 1364 1118 sint
1389 1081 1432 1117 in

220 1140 385 1182 homine
426 1144 667 1185 laudanda?
722 1146 869 1186 Positis
904 1150 1014 1187 enim
1052 1151 1110 1187 eis
1151 1150 1288 1196 rebus,
1330 1163 1431 1202 quas

219 1212 387 1253 Crassus
406 1218 447 1253 in
464 1216 569 1255 illius
587 1220 781 1256 orationis
799 1231 912 1265 suae,
930 1233 1055 1271 quam
1073 1225 1216 1259 contra
1232 1221 1431 1274 collegam

219 1297 362 1324 censor
399 1286 558 1334 habuit,
593 1291 791 1341 principio
829 1289 948 1336 dixit,
984 1290 993 1304 ¹
1013 1290 1131 1339 Quae
1172 1297 1322 1331 natura
1358 1298 1432 1332 aut

219 1355 385 1395 fortuna
400 1358 598 1398 darentur
609 1359 856 1407 hominibus,
868 1363 911 1399 in
923 1364 981 1400 eis
995 1362 1119 1401 rebus
1131 1375 1176 1402 se
1191 1365 1297 1402 vinci
1310 1376 1430 1415 posse

219 1431 355 1467 animo
387 1443 520 1482 aequo
551 1433 669 1482 pati3
715 1445 822 1484 quae
853 1435 930 1484 ipsi
961 1433 1038 1471 sibi
1068 1432 1254 1473 homines
1284 1447 1430 1486 parare

218 1506 402 1551 possent,
425 1504 469 1539 in
496 1504 554 1541 eis
579 1503 703 1541 rebus
731 1516 776 1542 se
800 1506 889 1555 pati
914 1517 997 1543 non
1022 1518 1142 1556 posse
1171 1507 1276 1544 vinci
1291 1505 1301 1519 ’
1321 1519 1330 1544 z
1359 1508 1429 1558 qui

217 1570 403 1611 laudabit
429 1576 680 1625 quempiam,
699 1574 932 1627 intelleget,
961 1576 1207 1627 exponenda
1235 1577 1310 1615 sibi
1340 1590 1429 1616 esse

154 1642 200 1675 46
217 1640 407 1682 fortunae
430 1644 550 1683 bona.
608 1644 672 1683 Ea
697 1651 807 1692 sunt,
830 1649 1007 1699 generiS,
1030 1650 1244 1698 pecuniae,
1267 1651 1429 1700 propin-

217 1727 405 1766 quorum,
415 1718 651 1762 amicorum,
664 1730 803 1768 opum,
815 1717 1076 1763 valetudinis,
1084 1717 1256 1765 formae,
1269 1721 1429 1765 virium,

216 1787 385 1838 ingenii,
404 1792 718 1839 ceterarumque
736 1801 888 1835 rerum,
907 1802 1013 1840 quae
1032 1795 1129 1828 sunt
1147 1795 1221 1829 aut
1238 1793 1428 1842 corporis,

216 1862 291 1896 aut
310 1863 534 1896 extraneae
550 1871 559 1896 :
593 1861 626 1896 si
646 1858 852 1905 habuerit,
872 1860 979 1898 bene
998 1860 1121 1899 rebus
1142 1863 1200 1900 eis
1219 1874 1364 1908 usum;
1394 1865 1426 1900 si

259 1974 276 1991 ⁶
297 1969 478 2004 Laudatio
503 1970 588 2004 here
612 1970 678 2005 has
701 1973 746 2006 its
768 1971 879 2006 wider
905 1982 1007 2006 sense
1033 1972 1075 2006 of
1101 1984 1175 2016 any
1197 1975 1428 2008 encomiastic

216 2014 346 2056 speech
362 2013 541 2049 delivered
558 2016 594 2048 in
610 2015 745 2058 public,
762 2019 827 2050 not
841 2016 1057 2060 necessarily
1071 2028 1095 2051 a
1110 2016 1252 2052 funeral
1265 2019 1417 2053 oration.

217 2077 294 2114 230
