1526 2288
735 85 940 127 CICERO

233 188 339 227 Nam
378 191 448 242 qui
487 189 598 228 locus
645 192 796 241 quietis
845 195 890 229 et
935 189 1246 242 tranquillitatis
1293 190 1442 243 plenis-

231 252 355 287 simus
370 248 459 288 fore
479 249 711 295 videbatur,
726 252 770 287 in
790 263 839 289 eo
859 253 1065 289 maximae
1084 250 1213 290 moles
1234 251 1441 290 molestia-

230 323 335 355 rum,
370 315 414 348 et
450 309 829 348 turbulentissimae
866 316 1141 362 tempestates
1175 313 1440 350 exstiterunt.

230 369 377 421 Neque
413 383 509 408 vero
544 370 660 408 nobis
696 371 957 421 cupientibus
987 376 1115 423 atque
1146 371 1441 423 exoptantibus

229 428 387 468 fructus
432 432 506 468 otii
551 429 673 468 datus
722 435 787 469 est
833 430 887 468 ad
935 443 1004 469 eas
1052 436 1177 477 artes,
1223 432 1370 483 quibus
1417 444 1443 470 a

229 492 367 541 pueris
414 489 545 528 dediti
591 488 758 536 fuimus,
801 490 1082 537 celebrandas,
1129 493 1238 530 inter
1284 504 1441 544 nosque

191 555 212 589 3
229 549 479 588 recolendas.
535 549 642 588 Nam
670 553 804 601 prima
834 556 978 589 aetate
1000 550 1215 589 incidimus
1240 554 1282 590 in
1310 553 1441 603 ipsam

229 610 585 662 perturbationem
627 610 866 661 disciplinae
909 613 1090 657 veteris;
1140 616 1185 649 et
1227 611 1441 650 consulatu

230 669 470 708 devenimus
511 672 555 708 in
597 670 782 708 medium
823 683 962 708 rerum
1005 673 1188 709 omnium
1231 676 1442 710 certamen

230 735 358 782 atque
379 730 621 776 discrimen3
657 736 701 768 et
721 729 798 769 hoc
817 736 983 782 tempus
1004 744 1126 769 omne
1145 736 1240 783 post
1260 731 1443 770 consula-

229 795 321 828 tum
343 790 565 828 obiecimus
588 793 646 829 eis
669 789 875 836 fluctibus,
895 793 980 842 qui,
998 803 1073 842 per
1095 804 1168 829 nos
1191 804 1216 829 a
1237 794 1442 830 communi

229 855 349 901 peste
387 849 561 902 depulsi,
598 853 641 888 in
681 855 844 889 nosmet
880 853 988 902 ipsos
1025 850 1321 890 redundarunt.
1359 850 1442 890 Sed

229 915 373 948 tamen
402 912 445 948 in
472 909 534 948 his
563 909 629 948 vel
658 911 949 961 asperitatibus
976 923 1128 957 rerum,
1153 910 1219 949 vel
1243 913 1442 963 angustiis

229 972 441 1021 temporis,
456 971 659 1022 obsequar
679 970 824 1008 studiis
843 973 1017 1016 nostris3
1044 975 1102 1016 et,
1122 976 1324 1022 quantum
1343 969 1442 1009 mihi

229 1029 294 1068 vel
340 1028 451 1068 fraus
494 1032 764 1076 inimicorum,
804 1029 869 1068 vel
911 1043 1059 1068 causae
1103 1033 1339 1077 amicorum,
1377 1029 1443 1070 vel

229 1089 459 1141 respublica
491 1090 649 1128 tribuet
683 1092 770 1136 otii,
805 1089 859 1128 ad
892 1090 1153 1129 scribendum
1185 1093 1443 1142 potissimum

189 1159 211 1191 4
230 1149 450 1188 conferam.
507 1149 599 1188 Tibi
624 1163 735 1196 vero,
760 1149 904 1196 frater,
931 1163 1068 1202 neque
1096 1149 1280 1189 hortanti
1303 1150 1443 1197 deero,

229 1223 366 1262 neque
407 1212 584 1262 roganti,
621 1224 717 1248 nam
758 1223 894 1262 neque
937 1213 1185 1250 auctoritate
1227 1213 1443 1263 quisquam

230 1270 341 1322 apud
359 1283 427 1308 me
446 1269 538 1321 plus
558 1270 695 1308 valere
714 1275 759 1308 te
778 1275 932 1322 potest,
951 1283 1087 1322 neque
1106 1270 1333 1309 voluntate.

283 1329 338 1368 ΙΙ.
368 1330 430 1368 Ac
483 1329 583 1368 mihi
638 1330 869 1382 repetenda
920 1335 985 1369 est
1031 1332 1182 1369 veteris
1231 1330 1443 1370 cuiusdam

230 1392 453 1428 memoriae
483 1403 566 1428 non
594 1403 693 1429 sane
722 1392 821 1428 satis
851 1389 1056 1441 explicata
1082 1389 1326 1436 recordatio,
1355 1390 1443 1437 sed,

231 1455 279 1488 ut
305 1450 493 1496 arbitror,
517 1455 615 1501 apta
642 1450 696 1489 ad
720 1450 777 1496 id,
803 1449 915 1502 quod
939 1453 1125 1502 requiris,
1149 1455 1196 1488 ut
1222 1463 1442 1503 cognoscas

232 1522 338 1561 quae
367 1511 440 1548 viri
468 1512 651 1548 omnium
680 1509 1003 1562 eloquentissimi
1031 1510 1323 1562 clarissimique
1351 1522 1442 1549 sen-

190 1581 211 1612 5
231 1572 360 1608 serint
386 1569 439 1608 de
466 1572 577 1608 omni
603 1572 763 1609 ratione
790 1569 965 1608 dicendi.
1020 1569 1090 1608 Vis
1118 1572 1243 1616 enim,
1269 1574 1317 1608 ut
1342 1568 1441 1608 mihi

230 1642 355 1681 saepe
373 1629 527 1676 dixisti,
545 1633 739 1682 quoniam
757 1642 864 1681 quae
881 1632 1018 1681 pueris
1037 1635 1111 1668 aut
1128 1629 1442 1669 adolescentulis

230 1690 346 1728 nobis
381 1703 432 1728 ex
465 1689 809 1728 commentariolis
842 1692 990 1727 nostris
1022 1688 1215 1728 inchoata
1246 1702 1294 1728 ac
1325 1689 1443 1728 rudia

232 1749 488 1795 exciderunt,
513 1752 580 1788 vix
604 1749 681 1788 hac
705 1754 847 1788 aetate
871 1748 1011 1801 digna,
1035 1754 1080 1788 et
1103 1748 1180 1788 hoc
1203 1762 1294 1795 usu,
1317 1761 1442 1801 quem

277 1855 291 1870 ⁰
318 1851 439 1885 Cicero
462 1863 534 1885 was
553 1852 665 1886 about
685 1852 847 1895 eighteen
867 1862 969 1894 years
984 1850 1045 1884 old
1065 1854 1104 1884 at
1123 1851 1184 1885 the
1203 1850 1381 1886 outbreak
1401 1849 1442 1885 of

233 1895 292 1928 the
307 1894 389 1928 civil
404 1895 503 1929 strife
520 1896 677 1929 between
698 1896 836 1929 Marius
852 1895 924 1928 and
940 1894 1052 1929 Sulla.

234 1938 582 2017 inbtvgohgdglfgenoe
598 1941 628 1973 is
642 1942 680 1973 to
700 1939 758 1973 the
771 1938 927 1983 juvenile
945 1938 998 1973 De
1017 1938 1225 1973 Inventione
1243 1938 1284 1973 of
1303 1937 1439 1978 Cicero.

196 2056 199 2060 '
233 2047 259 2081 4
