1560 2294
737 111 943 152 CICERO

232 215 367 265 ipsum
405 214 566 254 erudire
600 218 644 254 in
677 217 765 255 iure
800 217 920 263 civili,
954 231 1037 257 non
1071 221 1110 257 ei
1143 221 1445 272 pragmaticum

233 284 464 324 adiutorem
482 286 594 325 dare.

146 361 214 395 254
283 355 371 395 LX.
401 356 509 396 Nam
531 358 643 410 quod
664 358 764 397 dicis
786 365 1047 399 senectutem
1070 374 1095 400 a
1116 360 1336 402 solitudine
1358 364 1444 402 vin-

231 427 357 466 dicari
382 431 478 467 iuris
503 429 629 468 civilis
653 432 854 470 scientia:
891 429 1067 471 fortasse
1092 435 1219 472 etiam
1242 436 1442 485 pecuniae

230 500 530 551 magnitudine.
586 500 669 540 Sed
689 515 777 548 nos,
799 515 882 541 non
904 503 1004 554 quid
1024 504 1141 543 nobis
1162 503 1279 551 utile,
1300 518 1443 544 verum

231 570 332 622 quid
344 574 496 610 oratori
509 575 784 612 necessarium
797 576 865 620 sit,
879 577 1126 626 quaerimus.
1181 574 1443 628 Quanquam,

231 644 426 694 quoniam
461 643 595 683 multa
629 643 684 683 ad
719 648 890 684 oratoris
926 646 1236 686 similitudinem
1272 647 1326 686 ab
1360 661 1443 687 uno

231 713 388 752 artifice
411 717 623 762 sumimus,
647 715 753 754 solet
775 716 887 755 idem
911 716 1079 756 Roscius
1103 718 1254 765 dicere,
1277 731 1337 766 se,
1360 732 1442 771 quo

229 784 320 836 plus
359 785 437 824 sibi
475 789 626 825 aetatis
666 787 898 835 accederet,
937 801 987 827 eo
1025 789 1226 829 tardiores
1265 790 1442 829 tibicinis

229 856 386 904 modos,
413 862 458 896 et
483 863 628 897 cantus
653 861 904 898 remissiores
930 873 1020 899 esse
1046 859 1265 900 facturum.
1320 860 1442 910 Quod

227 930 262 966 si
286 927 370 974 ille,
399 931 590 968 astrictus
617 934 732 968 certa
757 930 937 983 quadam
963 945 1227 971 numerorum
1255 932 1442 972 modera-

227 1001 341 1038 tione
361 1005 406 1039 et
421 999 591 1052 pedum,
608 1005 752 1040 tamen
769 1001 924 1054 aliquid
941 1002 995 1042 ad
1011 1005 1198 1056 requiem
1215 1007 1441 1044 senectutis

228 1073 454 1123 excogitat,
476 1077 632 1124 quanto
653 1071 810 1112 facilius
831 1087 905 1112 nos
926 1087 1009 1113 non
1028 1074 1169 1114 laxare
1189 1075 1346 1122 modos,
1367 1075 1441 1115 sed

141 1150 209 1185 255
227 1147 337 1181 totos
352 1148 514 1181 mutare
529 1156 744 1194 possumus
763 1144 772 1182 ἔ
828 1144 975 1197 Neque
991 1148 1101 1184 enim
1115 1145 1192 1185 hoc
1206 1151 1265 1193 te,
1281 1146 1440 1194 Crasse,

226 1211 346 1259 fallit,
362 1227 487 1266 quam
503 1214 635 1253 multa
650 1217 747 1261 sint,
764 1220 808 1254 et
825 1229 949 1268 quam
965 1219 1077 1255 varia
1091 1230 1246 1269 genera
1262 1218 1439 1265 dicendi,

227 1289 273 1323 et
302 1284 413 1336 quod
441 1284 554 1324 haud
582 1288 722 1332 sciam,
752 1299 806 1324 an
835 1292 883 1326 tu
911 1290 1066 1339 primus
1095 1288 1339 1336 ostenderis,
1368 1292 1438 1342 qui

227 1356 381 1394 iamdiu
397 1355 528 1395 multo
546 1357 644 1395 dicis
661 1360 868 1397 remissius
885 1363 930 1397 et
945 1358 1091 1405 lenius,
1108 1372 1233 1411 quam
1249 1360 1409 1400 solebas
1428 1373 1439 1407 ;

229 1440 363 1479 neque
396 1430 530 1466 minus
563 1427 666 1467 haec
699 1434 843 1468 tamen
875 1435 949 1468 tua
981 1432 1208 1482 gravissimi
1241 1434 1438 1471 sermonis

227 1497 389 1544 lenitas,
413 1511 537 1550 quam
559 1498 628 1537 illa
649 1512 810 1538 summa
831 1502 890 1539 vis
913 1506 958 1539 et
979 1504 1191 1541 contentio
1211 1502 1438 1554 probatur:

226 1569 429 1621 multique
453 1575 635 1609 oratores
657 1569 840 1618 fuerunt,
863 1576 912 1610 ut
933 1571 1048 1610 illum
1070 1571 1302 1624 Scipionem
1324 1574 1438 1614 audi-

226 1654 331 1687 mus,
345 1646 390 1679 et
404 1640 605 1687 Laelium,
619 1644 690 1693 qui
703 1645 840 1680 omnia
852 1656 1040 1682 sermone
1053 1643 1303 1684 conficerent
1314 1645 1437 1697 paulo

224 1714 462 1759 intentiore,
493 1725 719 1764 nunquam,
750 1718 798 1752 ut
828 1712 914 1752 Ser.
946 1714 1093 1761 Galba,
1122 1714 1335 1763 lateribus,
1364 1722 1438 1756 aut

223 1782 401 1822 clamore
429 1783 743 1823 contenderent.
798 1783 921 1832 Quod
942 1787 974 1823 si
997 1788 1078 1823 iam
1100 1785 1176 1825 hoc
1197 1785 1334 1826 facere
1355 1801 1438 1827 non

224 1856 392 1905 poteris,
409 1859 482 1893 aut
497 1854 609 1894 noles
629 1869 639 1894 ε
669 1858 834 1902 vereris,
850 1869 903 1894 ne
918 1861 992 1895 tua
1007 1856 1166 1903 domuS,
1181 1857 1274 1897 talis
1290 1863 1335 1897 et
1349 1861 1437 1905 viri,

225 1930 270 1963 et
286 1926 397 1971 civis,
414 1927 448 1964 si
466 1939 491 1964 a
506 1925 693 1979 litigiosis
710 1925 942 1966 hominibus
959 1941 1042 1967 non
1059 1927 1230 1975 colatur,
1247 1942 1272 1968 a
1288 1932 1437 1969 ceteris

227 1995 474 2036 deseratur?
528 1996 735 2050 Equidem
768 2003 934 2038 tantum
968 1999 1113 2039 absum
1146 1999 1200 2039 ab
1232 2002 1313 2040 ista
1345 2013 1437 2040 sen-

232 2078 305 2115 186
