1560 2294
779 135 986 174 CICERO

276 243 387 280 enim
406 246 451 280 te
471 242 683 292 cognitum
703 242 786 278 iam
807 238 1008 278 artificem
1028 238 1332 291 aliquandoque
1353 237 1489 277 evolu-

275 309 366 342 tum
383 303 461 342 illis
479 305 779 355 integumentis
799 301 1132 340 dissimulationis
1151 307 1250 340 tuae
1270 300 1490 339 nudatum-

275 379 356 418 que
389 367 620 417 perspici03
669 370 713 403 et
747 364 858 416 quod
890 363 990 402 mihi
1023 363 1124 402 nihil
1157 369 1231 403 aut
1263 362 1376 416 quod
1406 376 1489 401 non

274 429 452 467 multum
486 427 696 480 relinquis,
731 426 1022 479 percommode
1056 425 1171 472 facis,
1207 431 1355 478 estque
1388 417 1489 464 mihi

274 497 453 544 gratum.

190 560 254 594 351
331 554 420 592 Iam
457 555 564 592 istuc
601 557 805 605 quantum
843 551 919 590 tibi
958 564 1036 604 ego
1069 551 1320 603 reliquerim,
1352 552 1488 603 inquit

276 616 496 662 Antonius,
525 617 605 654 erit
632 618 675 653 in
703 620 778 653 tua
806 619 1047 665 potestate:
1083 616 1117 652 si
1147 616 1258 652 enim
1279 626 1376 652 vere
1403 617 1487 652 me¹

275 692 400 732 agere
421 678 611 724 volueris,
627 679 765 716 omnia
784 678 860 715 tibi
881 676 1070 728 relinquo
1088 689 1099 722 3
1134 678 1197 714 sin
1218 676 1487 722 dissimulare,

273 747 321 781 tu
337 740 687 794 quemadmodum
701 739 763 778 his
781 738 1007 778 satisfacias
1025 738 1186 777 videris.
1254 737 1352 785 Sed,
1369 744 1417 778 ut
1433 738 1487 778 ad

271 818 359 843 rem
391 803 575 849 redeam,
607 816 690 841 non
723 816 813 841 sum
854 807 973 840 tanto
1014 815 1106 853 ego,
1139 803 1288 853 inquit,
1319 803 1486 854 ingenio

270 872 428 919 quanto
452 865 749 904 Themistocles
774 863 868 910 fuit,
893 869 942 903 ut
965 863 1178 902 oblivionis
1203 869 1338 903 artem
1361 877 1486 916 quam

270 931 494 968 memoriae
526 928 695 974 malim3
742 929 1003 980 gratiamque
1034 925 1169 965 habeo
1201 925 1399 965 Simonidi
1428 926 1486 966 illi

271 992 344 1031 Cio
365 1005 491 1044 quem
503 993 681 1043 primum
700 989 841 1029 ferunt
861 995 995 1028 artem
1010 991 1234 1028 memoriae
1253 989 1484 1041 protulisse.

187 1065 254 1098 352
273 1055 430 1093 Dicunt
472 1056 582 1092 enim
622 1067 715 1092 cum
743 1057 912 1091 cenaret
950 1051 1168 1091 Crannone
1194 1054 1239 1090 in
1275 1050 1486 1091 Thessalia

272 1116 501 1156 Simonides
540 1116 651 1167 apud
688 1115 863 1167 Scopam
899 1113 1158 1153 fortunatum
1194 1113 1404 1153 hominem
1441 1120 1486 1154 et

273 1180 453 1219 nobilem
476 1180 775 1230 cecinissetque
799 1177 842 1216 id
862 1189 1029 1215 carmen
1053 1177 1164 1229 quod
1183 1179 1227 1216 in
1246 1190 1343 1216 eum
1362 1180 1484 1229 scrip-

272 1245 405 1288 sisset,
425 1244 467 1279 in
487 1254 569 1293 quo
588 1240 721 1279 multa
740 1239 911 1279 ornandi
930 1252 1054 1277 causa
1072 1245 1291 1291 poetarum
1309 1253 1423 1279 more
1441 1242 1484 1279 in

271 1305 486 1343 Castorem
515 1305 667 1354 scripta
696 1308 740 1341 et
769 1302 978 1341 Pollucem
1005 1300 1194 1348 fuissent,
1223 1304 1342 1340 nimis
1370 1302 1484 1341 illum

272 1366 434 1406 sordide
468 1365 666 1404 Simonidi
690 1365 841 1404 dixisse
866 1378 911 1403 se
941 1364 1156 1403 dimidium
1190 1367 1276 1403 eius
1306 1367 1344 1403 ei
1374 1364 1485 1417 quod

272 1435 417 1482 pactus
441 1434 552 1467 esset
578 1442 653 1480 pro
675 1428 743 1466 illo
766 1429 946 1466 carmine
975 1427 1170 1465 daturum
1189 1440 1199 1466 :
1234 1427 1439 1479 reliquum
1460 1440 1486 1466 a

271 1495 353 1531 suis
385 1490 630 1544 Tyndaridis
659 1504 761 1542 quos
791 1502 924 1542 aeque
952 1489 1163 1528 laudasset
1189 1495 1357 1541 peteret
1383 1491 1418 1528 si
1446 1491 1485 1529 ei

187 1564 253 1598 353
272 1555 492 1594 videretur.
549 1552 676 1592 Paulo
699 1558 794 1605 post
819 1566 907 1591 esse
931 1551 1072 1591 ferunt
1095 1555 1333 1591 nuntiatum
1357 1551 1485 1591 Simo·

271 1618 356 1656 nidi
394 1622 442 1655 ut
482 1616 695 1668 prodiret:
743 1618 911 1654 iuvenes
945 1620 1055 1653 stare
1090 1614 1143 1653 ad
1183 1617 1349 1653 ianuam
1382 1614 1484 1655 duos

271 1679 471 1732 quosdam
495 1681 565 1731 qui
585 1691 680 1717 eum
703 1690 955 1730 magnopere
980 1682 1228 1723 evocarent3
1261 1679 1484 1716 surrexisse

271 1742 399 1788 illurn,
418 1742 616 1794 prodisse,
635 1740 782 1779 vidisse
802 1743 1010 1778 neminem
1029 1752 1038 1786 ;
1073 1739 1149 1778 hoc
1166 1741 1332 1779 interim
1350 1742 1484 1791 spatio

271 1804 462 1843 conclave
488 1803 589 1842 illud
612 1803 682 1842 ubi
709 1802 947 1854 epularetur
973 1801 1123 1853 Scopas
1147 1802 1400 1849 concidisse;
1433 1815 1484 1841 ea

270 1869 387 1904 ruina
407 1869 542 1918 ipsum
563 1879 657 1905 cum
678 1867 864 1918 cognatis
885 1878 1126 1917 oppressum
1148 1866 1230 1903 suis
1250 1866 1454 1903 interiisse
1471 1876 1483 1911 ς

671 1953 685 1973 ¹
709 1963 765 1986 me
780 1952 865 1986 add.
884 1952 1079 1986 Rackham.

758 2048 775 2064 ⁰
798 2043 865 2077 See
881 2047 897 2083 ξ
913 2046 992 2078 299.

267 2101 344 2136 464
