1560 2294
740 143 943 183 CICERO

236 248 430 295 feramus,
462 254 507 288 et
537 254 676 287 nostro
707 261 821 287 more
853 248 1086 300 aliquando,
1117 262 1200 287 non
1228 247 1444 296 rhetorico,

235 315 462 367 loquamur.

291 382 466 421 Minime
504 395 614 429 vero,
649 385 785 434 inquit
819 382 972 421 Cotta:
1011 396 1120 421 nunc
1142 385 1252 422 enim
1285 388 1330 422 te
1363 385 1446 422 iam

238 463 454 489 exoremus
484 463 652 488 necesse
683 456 761 496 est,
791 452 985 502 quoniam
1014 453 1168 489 retines
1197 464 1271 489 nos
1299 453 1343 489 in
1370 449 1448 490 hoc

237 517 389 563 studio,
405 531 482 556 nec
498 518 551 556 ad
568 517 689 556 aliam
705 517 879 556 dimittis
896 523 1043 564 artem,
1060 523 1108 556 ut
1123 518 1239 557 nobis
1255 518 1448 570 explices,

238 585 439 636 quidquid
456 591 520 623 est
535 585 661 631 istud,
678 585 789 637 quod
804 591 852 624 tu
875 588 918 623 in
943 585 1117 624 dicendo
1139 591 1259 636 potes
1275 598 1285 631 ;
1312 598 1447 637 neque

239 654 349 690 enim
365 666 503 690 sumus
519 655 638 690 nimis
655 652 762 691 avidi
781 666 791 691 ι
820 655 901 691 ista
915 658 989 691 tua
1003 652 1199 691 mediocri
1214 652 1449 705 eloquentia

238 722 424 758 contenti
450 733 603 766 sumus,
629 719 754 771 idque
781 733 833 758 ex
859 725 903 758 te
929 722 1265 772 quaerimus—ut
1286 733 1340 759 ne
1358 720 1448 772 plus

239 800 313 825 nos
344 800 624 839 assequamur,
644 801 769 839 quam
795 787 1041 839 quantulum
1063 793 1111 826 tu
1133 790 1176 826 in
1195 787 1368 826 dicendo
1388 801 1450 826 as-

240 860 405 893 secutus
419 867 528 901 es—‚
542 857 750 906 quoniam,
766 868 872 907 quae
889 868 913 893 a
925 861 1074 894 natura
1089 855 1325 906 expetenda
1339 860 1448 902 sunt,

240 935 291 960 ea
308 921 407 960 dicis
430 935 513 961 non
535 924 655 961 nimis
678 922 823 961 deesse
847 923 978 968 nobis,
997 922 1097 974 quid
1119 928 1337 974 praeterea
1360 935 1448 962 esse

240 989 532 1028 assumendum
549 995 684 1041 putes.

154 1067 220 1101 134
291 1056 422 1095 XXX.
453 1057 559 1095 Tum
581 1056 748 1095 Crassus
770 1057 977 1095 arridens:
1005 1056 1116 1105 Quid
1130 1070 1287 1104 censes,
1301 1059 1449 1110 inquit,

239 1123 378 1170 Cotta,
407 1127 483 1162 nisi
513 1124 709 1170 studium,
736 1130 780 1163 et
808 1124 996 1162 ardorem
1025 1124 1247 1176 quemdam
1271 1125 1448 1164 amoris?

239 1194 326 1230 sine
367 1205 448 1243 quo
488 1205 583 1230 cum
613 1194 657 1229 in
693 1194 778 1230 vita
814 1190 914 1229 nihil
954 1191 1180 1243 quidquam
1221 1195 1448 1245 egregium,

239 1263 331 1297 tum
359 1264 472 1297 certe
501 1258 592 1305 hoc,
612 1258 724 1310 quod
752 1264 800 1297 tu
826 1261 1003 1310 expetis,
1026 1272 1148 1298 nemo
1176 1273 1359 1311 unquam
1387 1273 1449 1299 as-

240 1331 449 1378 sequetur.
506 1326 653 1378 Neque
673 1339 769 1365 vero
793 1339 863 1365 vos
892 1325 946 1365 ad
974 1339 1067 1365 eam
1094 1340 1183 1365 rem
1211 1326 1330 1366 video
1359 1340 1448 1367 esse

239 1392 511 1432 cohortandos
531 1406 541 1439 3
576 1407 692 1445 quos,
718 1407 811 1432 cum
837 1393 936 1431 mihi
963 1407 1127 1446 quoque
1156 1396 1244 1433 sitis
1271 1394 1448 1441 molesti,

155 1472 220 1506 135
240 1463 359 1499 nimis
384 1463 511 1499 etiam
534 1460 708 1513 flagrare
731 1461 929 1513 intellego
953 1461 1194 1513 cupiditate.
1249 1460 1332 1500 Sed
1356 1475 1448 1514 pro-

239 1527 350 1567 fecto
383 1528 521 1566 studia
553 1527 654 1566 nihil
685 1534 857 1580 prosunt
889 1528 1156 1580 perveniendi
1189 1528 1339 1581 aliquo,
1372 1531 1447 1569 nisi

239 1595 353 1641 illud,
395 1595 506 1647 quod
548 1608 612 1642 eo,
653 1609 734 1647 quo
775 1596 981 1642 intendas,
1022 1595 1131 1634 ferat
1171 1595 1448 1649 deducatque,

238 1665 435 1714 cognoris.
492 1662 645 1711 Quare,
660 1665 854 1714 quoniam
868 1662 967 1701 mihi
981 1663 1109 1702 levius
1124 1663 1332 1715 quoddam
1346 1677 1448 1703 onus

239 1733 462 1781 imponitis,
484 1743 621 1782 neque
644 1743 696 1769 ex
718 1743 785 1769 me
808 1730 860 1769 de
883 1733 1054 1769 oratoris
1077 1736 1180 1776 arte,
1202 1730 1277 1770 sed
1297 1730 1350 1770 de
1371 1730 1448 1770 hac

238 1810 346 1843 mea,
380 1797 756 1849 quantulacumque
791 1803 869 1844 est,
901 1797 1101 1836 facultate
1134 1800 1345 1849 quaeritis,
1378 1811 1447 1837 ex-

239 1878 390 1916 ponam
413 1865 526 1903 vobis
549 1865 786 1916 quamdam,
809 1878 891 1903 non
914 1870 987 1903 aut
1008 1865 1352 1916 perreconditam,
1375 1871 1448 1904 aut

240 1931 358 1970 valde
395 1931 613 1978 difficilem,
651 1938 724 1971 aut
760 1932 1034 1984 magnificam,
1072 1938 1145 1971 aut
1180 1945 1348 1984 gravem
1384 1947 1446 1973 ra-

238 2001 395 2038 tionem
410 1999 715 2038 consuetudinis
731 2012 865 2046 meae,
880 2013 962 2052 qua
977 1999 1184 2052 quondam
1200 1999 1341 2038 solitus
1357 2013 1446 2038 sum

236 2100 288 2143 94
