1560 2294
777 107 981 147 CICERO

273 210 516 263 odiosasque
552 223 618 249 res
655 224 795 262 saepe,
833 224 934 263 quas
972 215 1226 263 argumentis
1263 211 1363 252 dilui
1403 226 1485 253 non

273 278 393 318 facile
416 285 493 324 est,
512 281 601 318 ioco
619 281 785 331 risuque
805 278 1001 318 dissolvit.

191 351 255 385 237
326 346 542 394 Quatenus
578 352 720 385 autem
753 349 836 385 sint
868 347 1038 386 ridicula
1070 348 1289 387 tractanda
1321 351 1487 396 oratori,

274 428 474 466 perquam
495 415 717 467 diligenter
737 415 961 454 videndum
983 421 1061 462 est,
1081 416 1126 455 id
1145 416 1257 468 quod
1275 419 1319 455 in
1339 423 1487 469 quarto

274 483 363 522 loco
391 484 617 535 quaerendi
644 497 924 535 posueramus.
980 483 1087 522 Nam
1114 497 1192 523 nec
1217 486 1387 538 insignis
1413 488 1488 524 im-

274 552 472 603 probitas,
488 557 533 590 et
547 551 701 590 scelere
716 554 871 598 iuncta,
886 565 963 590 nec
981 565 1119 590 rursus
1138 554 1302 591 miseria
1319 555 1488 606 insignis

276 622 436 672 agitata
454 619 614 658 ridetur
633 634 642 658 ι
676 618 923 658 facinorosos
948 623 1058 658 enim
1077 623 1230 659 maiore
1251 621 1431 673 quadam
1449 624 1489 661 vi

276 701 401 740 quam
416 687 575 727 ridiculi
591 687 796 726 vulnerari
812 687 955 727 volunt
973 700 983 734 ς
1014 691 1183 727 miseros
1204 688 1320 728 illudi
1344 689 1490 729 nolunt

275 759 353 794 nisi
372 769 416 794 se
435 755 544 795 forte
562 759 733 795 iactant.
788 755 1046 795 Parcendum
1066 762 1130 795 est
1149 762 1292 796 autem
1309 760 1489 797 maxime

276 826 439 863 caritati
484 823 711 870 hominum,
756 837 810 862 ne
855 829 1015 863 temere
1059 827 1103 863 in
1148 837 1218 864 eos
1263 825 1374 864 dicas
1419 827 1489 878 qui

277 892 516 944 diliguntur.

193 969 258 1003 238
329 960 440 999 LIX.
470 960 587 999 Haec
601 963 728 1013 igitur
742 959 978 1000 adhibenda
992 966 1057 1000 est
1070 963 1248 1012 primum
1261 964 1305 1000 in
1317 961 1490 1001 iocando

276 1029 519 1068 moderatio.
565 1029 714 1080 Itaque
731 1041 782 1067 ea
795 1028 988 1068 facillime
1002 1028 1216 1076 luduntur,
1231 1043 1338 1082 quae
1353 1043 1489 1082 neque

276 1097 370 1136 odio
389 1111 556 1149 magno,
575 1110 711 1149 neque
731 1097 1009 1136 misericordia
1026 1100 1208 1136 maxima
1230 1097 1357 1151 digna
1379 1103 1489 1138 sunt.

276 1164 412 1214 Quam
432 1166 485 1204 ob
504 1178 593 1203 rem
607 1167 803 1204 materies
823 1168 954 1204 omnis
973 1165 1236 1204 ridiculorum
1257 1171 1322 1206 est
1339 1168 1384 1205 in
1401 1169 1490 1206 istis

275 1235 383 1272 vitiis
421 1246 528 1285 quae
562 1238 660 1272 sunt
696 1235 740 1271 in
772 1235 858 1272 vita
890 1232 1102 1272 hominum
1136 1246 1272 1286 neque
1305 1247 1491 1274 carorum

274 1314 411 1353 neque
438 1301 784 1347 calamitosorum,
810 1314 946 1353 neque
974 1315 1116 1340 eorum
1149 1304 1220 1354 qui
1249 1302 1304 1341 ob
1333 1301 1491 1341 facinus

276 1369 330 1408 ad
357 1369 602 1421 supplicium
630 1369 818 1421 rapiendi
846 1369 1067 1415 videntur3
1108 1383 1241 1422 eaque
1269 1369 1378 1410 belle
1406 1373 1492 1423 agi-

191 1449 258 1483 239
276 1443 368 1477 tata
399 1437 600 1476 ridentur.
655 1437 733 1476 Est
767 1440 894 1476 etiam
928 1436 1203 1477 deformitatis
1237 1443 1283 1477 et
1314 1441 1491 1491 corporis

275 1509 468 1545 vitiorum
506 1508 606 1544 satis
644 1505 754 1544 bella
791 1508 986 1544 materies
1025 1506 1078 1545 ad
1115 1505 1334 1545 iocandum
1351 1519 1362 1553 3
1417 1506 1492 1546 sed

275 1577 510 1626 quaerimus
528 1574 655 1620 idem,
673 1573 784 1626 quod
801 1576 844 1612 in
861 1576 1010 1613 ceteris
1028 1574 1151 1612 rebus
1168 1576 1348 1613 maxime
1367 1587 1492 1626 quae-

274 1642 450 1681 rendum
470 1647 548 1688 est,
565 1647 783 1693 quatenus.
833 1641 883 1680 In
904 1655 986 1694 quo
1007 1655 1089 1680 non
1110 1641 1233 1681 modo
1254 1641 1355 1681 illud
1374 1655 1492 1694 prae-

274 1713 438 1762 cipitur,
455 1723 508 1748 ne
527 1709 627 1762 quid
644 1709 810 1756 insulse,
830 1709 904 1748 sed
922 1712 1064 1756 etiam,
1078 1712 1112 1748 si
1132 1710 1231 1762 quid
1247 1709 1491 1762 perridicule

275 1781 418 1830 possis,
433 1778 648 1817 vitandum
664 1783 729 1816 est
743 1780 895 1817 oratori
909 1784 1146 1830 utrumque,
1161 1791 1214 1816 ne
1229 1783 1303 1817 aut
1317 1777 1491 1817 scurrilis

275 1850 386 1885 iocus
404 1849 471 1893 sit,
490 1852 563 1885 aut
580 1848 778 1885 mimicus.
835 1845 953 1894 Quae
971 1845 1197 1885 cuiusmodi
1219 1848 1316 1892 sint,
1332 1845 1490 1885 facilius

275 1918 358 1954 iam
384 1914 689 1967 intellegemus,
716 1927 810 1954 cum
838 1914 891 1953 ad
920 1916 1010 1966 ipsa
1041 1913 1303 1953 ridiculorum
1335 1926 1489 1967 genera

275 1995 521 2022 venerimus.

275 2066 352 2101 374
