1560 2294
742 113 948 153 CICERO

237 215 397 262 dorum,
419 218 508 255 voci
533 219 699 263 serviet,
719 219 789 269 qui
818 223 863 256 et
892 230 1018 256 annos
1047 217 1276 269 complures
1305 218 1451 257 seden-

237 275 301 309 tes
328 270 611 318 declamitant,
633 277 678 310 et
699 272 898 323 quotidie,
921 277 1146 324 antequam
1165 275 1450 324 pronuntient,

237 338 379 363 vocem
407 326 607 364 cubantes
636 329 788 364 sensim
817 329 1016 372 excitant,
1040 327 1328 379 eamdemque,
1355 341 1450 366 cum

236 385 427 431 egerunt,
442 381 636 419 sedentes
653 381 706 419 ab
721 383 955 419 acutissimo
970 395 1069 420 sono
1084 395 1215 434 usque
1231 382 1284 420 ad
1297 384 1449 434 gravis-

236 437 384 473 simum
423 448 570 474 sonum
608 437 826 487 recipiunt,
867 441 912 474 et
951 438 1067 487 quasi
1107 436 1287 488 quodam
1324 436 1448 475 modo

236 489 446 541 colligunt.
502 489 593 528 Hoc
615 503 688 528 nos
711 493 745 528 si
767 489 904 529 facere
927 490 1113 537 velimus,
1136 496 1235 529 ante
1257 491 1449 530 condem-

235 549 388 582 nentur
410 546 463 590 ei,
482 557 657 596 quorum
679 557 822 583 causas
840 548 1131 596 receperimus,
1151 558 1290 598 quam,
1309 548 1449 591 toties,

236 601 398 649 quoties
455 599 734 650 perscribitur,
793 612 1011 651 paeanem,
1070 605 1144 638 aut
1199 602 1450 639 nomionem¹

236 655 457 691 citarimus.

151 713 217 745 252
288 707 410 755 Quod
429 710 462 746 si
479 710 522 745 in
540 713 676 759 gestu,
695 710 766 759 qui
783 707 961 747 multum
979 714 1185 747 oratorem
1203 708 1385 755 adiuvat,
1403 714 1448 748 et

234 764 276 799 in
309 775 423 808 voce,
457 775 564 814 quae
598 775 681 801 una
713 765 893 801 maxime
928 763 1208 815 eloquentiam
1241 762 1307 801 vel
1339 777 1447 802 com-

233 816 419 862 mendat,
444 816 510 855 vel
534 819 726 862 sustinet,
751 817 962 856 elaborare
987 818 1103 856 nobis
1129 831 1211 856 non
1234 817 1361 864 licet3
1400 831 1447 856 ac

233 876 399 909 tantum
415 874 458 909 in
474 877 651 923 utroque
669 875 831 924 assequi
847 885 1076 923 possumus,
1093 877 1296 924 quantum
1311 874 1354 910 in
1370 871 1447 910 hac

234 928 321 964 acie
345 926 575 978 quotidiani
597 929 792 972 muneris,
816 929 938 978 spatii
961 927 1077 965 nobis
1101 927 1224 965 datur
1243 940 1252 965 :
1290 932 1447 978 quanto

232 983 367 1018 minus
399 986 464 1019 est
491 981 545 1019 ad
572 983 668 1019 iuris
696 981 821 1019 civilis
849 981 1107 1032 perdiscendi
1134 983 1446 1033 occupationem

233 1035 583 1081 descendendum,
606 1035 718 1087 quod
741 1041 785 1074 et
806 1038 1044 1074 summatim
1065 1038 1220 1087 percipi
1242 1038 1330 1074 sine
1353 1035 1446 1074 doc-

232 1092 342 1127 trina
362 1095 516 1141 potest,
539 1095 584 1128 et
604 1089 710 1128 hanc
730 1089 860 1128 habet
881 1090 934 1128 ab
954 1090 1031 1128 illis
1053 1091 1175 1129 rebus
1197 1090 1447 1129 dissimilitu-

233 1144 386 1190 dinem,
416 1144 527 1196 quod
555 1158 634 1182 vox
664 1150 708 1182 et
736 1150 878 1196 gestus
908 1145 1044 1183 subito
1073 1147 1178 1183 sumi
1207 1150 1252 1183 et
1280 1144 1445 1183 aliunde

233 1201 355 1249 arripi
378 1212 461 1237 non
478 1203 644 1250 potest3
677 1202 773 1237 iuris
792 1199 948 1237 utilitas
968 1199 1021 1237 ad
1039 1212 1247 1251 quamque
1265 1212 1444 1245 causam,

232 1255 417 1304 quamvis
439 1258 628 1304 repente,
651 1253 717 1292 vel
739 1267 763 1291 a
783 1256 942 1305 peritis,
964 1253 1030 1292 vel
1051 1253 1104 1292 de
1125 1253 1237 1292 libris
1260 1253 1443 1305 depromi

232 1313 373 1358 potest
391 1307 399 1346 l

148 1369 214 1403 253
285 1362 434 1413 Itaque
452 1361 510 1400 illi
527 1361 782 1400 disertissimi
800 1361 986 1401 homines
1003 1364 1209 1401 ministros
1227 1361 1386 1401 habent
1401 1364 1444 1400 in

232 1419 363 1455 causis
388 1419 485 1454 iuris
511 1419 680 1467 peritos,
699 1430 793 1455 cum
817 1419 895 1468 ipsi
921 1419 1004 1455 sint
1028 1419 1278 1468 peritissimi,
1297 1422 1342 1455 et
1360 1419 1444 1468 qui,

232 1477 280 1509 ut
297 1471 370 1509 abs
387 1476 431 1510 te
447 1470 570 1522 paulo
588 1476 686 1509 ante
704 1471 860 1510 dictum
878 1476 956 1517 est,
972 1474 1217 1523 pragmatici
1233 1476 1442 1510 vocantur.

233 1525 283 1563 In
304 1539 385 1577 quo
406 1528 535 1564 nostri
556 1528 721 1564 omnino
741 1525 887 1564 melius
908 1526 1053 1571 multo,
1075 1525 1187 1578 quod
1206 1525 1444 1564 clarissimo-

232 1594 323 1618 rum
352 1579 564 1618 hominum
594 1582 842 1619 auctoritate
872 1580 985 1632 leges
1020 1586 1064 1619 et
1093 1583 1182 1618 iura
1210 1585 1325 1619 tecta
1354 1592 1443 1618 esse

233 1634 462 1673 voluerunt.
536 1633 619 1673 Sed
655 1640 798 1673 tamen
835 1648 917 1673 non
949 1633 1125 1686 fugisset
1154 1634 1231 1673 hoc
1265 1634 1443 1673 Graecos

232 1688 432 1735 homines,
448 1691 482 1727 si
497 1691 557 1727 ita
573 1702 741 1728 necesse
759 1702 848 1727 esse
865 1690 1053 1728 arbitrati
1070 1694 1222 1736 essent,
1238 1694 1443 1728 oratorem

278 1784 291 1804 ¹
315 1786 519 1818 nomionem
535 1783 598 1827 (απ
613 1785 815 1818 invocation
838 1785 882 1828 os
892 1784 1066 1818 Ἀπόλλων
1085 1783 1226 1828 Νόμιος)
1241 1784 1273 1818 is
1293 1784 1349 1818 tho
1363 1795 1444 1818 ccm-

227 1828 385 1871 jectural
408 1829 630 1862 emendation
651 1829 805 1871 adopted
828 1828 870 1871 by
889 1828 1040 1871 Kayser,
1059 1828 1215 1868 Piderit,
1233 1827 1307 1862 and
1328 1827 1443 1862 others

225 1872 292 1915 for
307 1872 362 1905 che
377 1873 522 1906 various
536 1873 764 1915 corruptions
779 1872 823 1915 of
833 1872 888 1906 the
905 1880 980 1906 uss.

480 2019 496 2036 ⁰
518 2015 595 2050 The
610 2019 703 2049 most
719 2014 887 2058 eloquent
902 2014 1023 2050 Greek
1038 2019 1187 2050 orators-

235 2077 310 2114 184
