1560 2294
789 120 994 161 CICERO

284 223 411 274 igitur
438 223 518 262 alia
546 237 636 263 esse
663 227 707 263 in
734 224 900 264 homine
929 225 1127 278 optanda,
1155 225 1235 265 'alia
1261 226 1496 274 laudanda3

282 297 428 336 genus,
451 284 597 333 forma,
624 289 743 333 vires,
767 301 881 339 opes,
905 288 1088 335 divitiae,
1117 295 1258 328 cetera
1287 303 1394 342 quae
1415 288 1496 328 for-

282 351 400 385 tuna¹
426 348 499 387 dat
526 354 600 387 aut
624 352 878 388 extrinsecus
897 356 972 389 aut
990 354 1162 402 corpori,
1177 365 1260 390 non
1278 351 1436 391 habent
1453 354 1494 390 in

282 422 327 448 se
353 423 493 449 veram
519 411 700 458 laudem,
727 426 834 464 quae
861 413 1004 452 deberi
1030 416 1174 453 virtuti
1200 416 1271 452 uni
1297 420 1498 466 putatur3

284 472 358 511 sed
380 478 523 512 tamen
547 474 659 526 quod
686 477 775 526 ipsa
798 478 927 514 virtus
952 478 996 514 in
1020 489 1162 515 earum
1189 490 1327 515 rerum
1350 490 1427 515 usu
1449 490 1497 516 ac

284 535 567 575 moderatione
599 540 780 576 maxime
811 541 1006 585 cernitur,
1034 539 1253 578 tractanda
1283 541 1326 578 in
1357 539 1498 578 lauda-

284 599 464 637 tionibus
488 602 615 638 etiam
641 599 744 639 haec
767 606 864 639 sunt
889 606 1064 640 naturae
1091 607 1136 640 et
1159 600 1352 640 fortunae
1374 602 1496 649 bona,

283 662 326 700 in
367 661 515 712 quibus
558 667 623 701 est
669 676 830 701 summa
873 663 962 702 laus
1007 677 1090 703 non
1132 664 1328 703 extulisse
1369 678 1414 704 se
1453 666 1496 703 in

284 729 511 774 potestate,
537 738 620 763 non
645 724 772 764 fuisse
801 725 1048 765 insolentem
1073 729 1116 765 in
1141 729 1331 778 pecunia,
1349 740 1432 766 non
1451 740 1496 766 se

283 786 527 837 praetulisse
560 787 647 826 aliis
679 793 850 840 propter
882 789 1180 828 abundantiam
1211 788 1418 837 fortunae,
1449 794 1497 830 ut

283 862 382 900 opes
411 855 455 888 et
488 853 631 902 copiae
658 864 741 889 non
768 852 986 902 superbiae
1015 852 1234 891 videantur
1259 866 1308 891 ac
1339 852 1497 892 libidini

283 911 358 950 sed
379 912 557 951 bonitati
581 926 628 951 ac
650 913 924 952 moderationi
945 913 1191 953 facultatem
1214 920 1259 954 et
1279 919 1497 955 materiam

199 978 265 1011 343
283 974 459 1014 dedisse.
514 975 654 1015 Virtus
680 981 837 1022 autem,
857 990 965 1028 quae
991 983 1057 1016 est
1080 990 1156 1028 per
1173 990 1219 1016 se
1243 980 1334 1029 ipsa
1357 978 1498 1017 lauda-

282 1036 373 1075 bilis
402 1042 447 1076 et
474 1040 562 1077 sine
591 1052 674 1090 qua
701 1037 802 1076 nihil
829 1038 988 1078 laudari
1015 1045 1170 1091 potest,
1198 1045 1342 1079 tamen
1368 1039 1497 1080 habet

281 1099 418 1150 plures
446 1106 601 1151 partes,
629 1114 803 1153 quarum
831 1101 910 1140 alia
938 1108 1003 1141 est
1030 1102 1109 1140 alia
1137 1102 1190 1141 ad
1216 1101 1497 1142 laudationem

284 1164 429 1213 aptior.
487 1163 592 1202 Sunt
621 1165 732 1202 enim
761 1163 865 1202 aliae
895 1167 1069 1204 virtutes
1099 1177 1206 1216 quae
1235 1165 1428 1205 videntur
1454 1169 1497 1205 in

282 1225 462 1263 moribus
474 1225 687 1264 hominum
700 1231 745 1264 et
758 1226 938 1278 quadam
950 1230 1147 1266 comitate
1161 1240 1209 1266 ac
1221 1227 1497 1268 beneficentia

282 1290 457 1339 positae,
492 1287 597 1327 aliae
629 1301 737 1340 quae
765 1291 808 1326 in
842 1291 983 1342 ingeni
1018 1289 1154 1342 aliqua
1187 1288 1388 1330 facultate
1423 1296 1497 1330 aut

284 1352 409 1388 animi
434 1350 722 1403 magnitudine
748 1364 796 1390 ac
819 1352 966 1391 robore
984 1365 995 1398 ;
1035 1365 1132 1390 nam
1157 1352 1392 1400 clementia,
1417 1356 1496 1392 ius-

284 1415 392 1459 titia,
425 1413 675 1466 benignitas,
709 1413 825 1460 fides,
858 1413 1059 1453 fortitudo
1091 1417 1135 1453 in
1167 1415 1356 1466 perieulis
1388 1429 1497 1455 com-

200 1484 267 1518 344
284 1476 476 1514 munibus
493 1476 671 1515 iucunda
693 1481 758 1515 est
783 1476 928 1516 auditu
950 1479 994 1515 in
1015 1477 1335 1524 laudationibus,
1354 1491 1496 1518 omnes

285 1541 395 1576 enim
415 1537 494 1577 hae
509 1541 684 1577 virtutes
699 1552 781 1577 non
795 1544 883 1578 tam
898 1542 995 1591 ipsis
1015 1542 1085 1591 qui
1106 1553 1175 1578 eas
1195 1539 1352 1579 habent
1372 1554 1496 1593 quam

283 1603 427 1653 generi
451 1600 663 1639 hominum
691 1599 926 1640 fructuosae
952 1607 1178 1653 putantur:
1225 1605 1428 1654 sapientia
1452 1609 1496 1643 et

283 1663 526 1716 magnitudo
552 1666 677 1702 animi
700 1677 783 1715 qua
802 1678 944 1703 omnes
964 1678 1029 1703 res
1052 1664 1258 1704 humanae
1281 1671 1429 1704 tenues
1449 1679 1497 1706 ac

284 1740 357 1778 pro
381 1725 507 1764 nihilo
535 1732 737 1778 putantur
765 1732 810 1765 et
836 1729 879 1765 in
904 1727 1178 1779 excogitando
1203 1730 1262 1766 vis
1291 1728 1496 1780 quaedam

283 1791 423 1841 ingeni
457 1794 502 1827 et
533 1791 622 1840 ipsa
651 1789 888 1841 eloquentia
917 1789 1196 1828 admirationis
1225 1789 1383 1829 habent
1414 1804 1495 1830 non

284 1854 432 1897 minus,
455 1851 721 1890 iucunditatis
743 1854 876 1890 minus
897 1864 907 1898 ;
942 1854 1049 1902 ipsos
1072 1855 1182 1891 enim
1203 1855 1334 1905 magis
1356 1852 1495 1892 viden-

284 1919 352 1952 tur
377 1926 479 1966 quos
504 1913 719 1952 laudamus
743 1927 867 1966 quam
896 1913 983 1952 illos
1011 1914 1121 1965 apud
1150 1928 1252 1967 quos
1279 1914 1494 1954 laudamus

412 2025 424 2045 ¹
455 2025 607 2059 Wilkim
621 2037 633 2060 .·
658 2028 848 2069 ceteraque
864 2036 957 2069 quae
973 2028 1036 2058 aut
1053 2029 1171 2059 cetera
1186 2036 1362 2070 quaeque.

282 2090 356 2124 458
