1560 2294
725 89 929 129 CICERO

223 200 394 247 tamque
426 194 704 247 magnificum,
737 208 861 246 quam
893 194 1032 246 populi
1070 199 1221 240 motus,
1252 193 1431 233 iudicum

223 266 455 319 religiones,
484 266 660 305 Senatus
688 268 952 318 gravitatem,
979 268 1098 304 unius
1127 267 1311 304 oratione
1338 278 1432 304 con-

162 347 205 381 32
226 339 362 377 verti?
417 337 528 386 Quid
555 343 643 375 tam
670 351 790 388 porro
818 339 992 389 regium,
1019 342 1108 375 tam
1134 336 1317 383 liberale,
1344 342 1432 375 tam

223 409 475 455 munificum,
507 422 632 460 quam
663 421 785 459 opem
816 407 924 446 ferre
956 408 1219 459 supplicibus,
1251 410 1432 447 excitare

224 481 407 526 afflictos,
444 480 543 519 dare
579 479 770 526 salutem,
805 479 980 518 liberare
1015 479 1218 531 periculis,
1253 481 1432 518 retinere

225 552 410 591 homines
427 554 470 589 in
489 553 657 590 civitate
676 551 692 589 ?
746 550 858 599 Quid
877 556 1018 589 autem
1038 556 1126 589 tam
1145 553 1434 598 necessarium,

225 637 351 676 quam
380 628 526 662 tenere
556 635 720 674 semper
750 635 877 668 arma,
907 622 1055 674 quibus
1085 622 1150 661 vel
1180 627 1316 661 tectus
1345 624 1433 674 ipse

227 708 316 734 esse
348 697 491 747 possis,
517 693 583 733 vel
613 706 833 745 provocare
865 694 1101 745 improbos,¹
1123 693 1189 732 vel
1219 698 1265 732 te
1297 693 1434 732 ulcisci

226 767 437 805 lacessitus
454 766 470 804 ?

278 839 371 891 Age
411 851 522 884 vero,
561 850 615 875 ne
655 849 818 888 semper
856 835 1005 883 forum,
1044 836 1250 883 subsellia,
1288 842 1434 883 rostra,

226 910 475 962 Curiamque
505 908 723 954 meditere,
755 907 854 959 quid
885 921 974 946 esse
1004 913 1145 959 potest
1174 910 1217 946 in
1247 911 1332 947 otio
1362 914 1436 947 aut

226 981 455 1027 iucundius,
488 986 561 1019 aut
591 982 723 1032 magis
754 982 963 1031 proprium
996 978 1279 1026 humanitatis,
1311 993 1434 1032 quam

227 1067 361 1093 sermo
385 1051 545 1090 facetus
570 1064 617 1089 ac
641 1050 753 1089 nulla
775 1053 819 1088 in
841 1063 886 1089 re
909 1050 1051 1089 rudis?
1106 1050 1196 1089 Hoc
1221 1053 1331 1089 enim
1354 1064 1436 1090 uno

228 1130 485 1177 praestamus
501 1123 566 1162 vel
584 1125 764 1162 maxime
783 1120 895 1167 feris,
914 1122 1025 1173 quod
1043 1121 1310 1174 colloquimur
1327 1125 1437 1161 inter

228 1210 316 1243 nos,
353 1201 397 1234 et
432 1194 543 1247 quod
579 1197 809 1246 exprimere
845 1193 1018 1231 dicendo
1054 1206 1174 1232 sensa
1207 1206 1434 1245 possumus.

169 1274 211 1308 33
230 1267 365 1316 Quam
385 1266 438 1305 ob
457 1279 546 1304 rem
572 1267 661 1317 quis
685 1264 762 1304 hoc
781 1277 863 1302 non
882 1266 969 1302 iure
989 1267 1176 1311 miretur,
1195 1277 1437 1317 summeque

230 1341 272 1377 in
313 1351 362 1377 eo
404 1336 699 1375 elaborandum
742 1348 831 1374 esse
874 1335 1111 1381 arbitretur,
1151 1321 1214 1382 ut,
1254 1349 1336 1388 quo
1355 1349 1437 1375 uno

232 1409 415 1448 homines
436 1410 616 1446 maxime
638 1408 781 1447 bestiis
802 1411 1032 1458 praestent,
1046 1408 1089 1444 in
1109 1405 1187 1445 hoc
1206 1405 1438 1446 hominibus

230 1483 327 1533 ipsis
349 1479 601 1518 antecellat?
657 1478 718 1518 Ut
739 1490 834 1516 vero
857 1479 940 1515 iam
962 1476 1015 1516 ad
1034 1476 1103 1515 illa
1122 1491 1282 1516 summa
1302 1480 1438 1517 venia-

229 1565 321 1591 mus
337 1565 347 1598 ;
377 1564 485 1603 quae
501 1552 560 1589 vis
573 1549 652 1587 alia
663 1551 801 1601 potuit
814 1553 887 1586 aut
899 1548 1101 1599 dispersos
1113 1547 1298 1587 homines
1310 1562 1438 1587 unum

231 1626 274 1662 in
299 1623 433 1662 locum
459 1632 724 1673 congregare,
751 1624 825 1657 aut
851 1632 875 1656 a
899 1617 988 1657 fera
1014 1621 1250 1671 agrestique
1275 1621 1361 1658 vita
1386 1619 1439 1659 ad

232 1694 341 1733 hunc
373 1693 599 1732 humanum
633 1690 790 1730 cultum
823 1689 1065 1742 civilemque
1099 1690 1318 1737 deducere,
1352 1697 1439 1738 aut,

232 1769 314 1805 iam
348 1765 582 1804 constitutis
615 1762 864 1807 civitatibus,
897 1760 1025 1813 leges,
1055 1761 1218 1808 iudicia,
1248 1763 1338 1800 iura
1369 1762 1440 1801 de-

171 1842 214 1875 34
231 1837 408 1876 scribere
426 1836 442 1873 ?
497 1835 572 1880 Ac,
592 1846 645 1872 ne
664 1832 795 1884 plura,
815 1845 922 1884 quae
942 1837 1038 1870 sunt
1056 1845 1190 1883 paene
1209 1835 1441 1872 innumeru-

282 1943 294 1962 ¹
318 1941 498 1984 improbos
511 1940 542 1972 is
555 1939 609 1972 the
621 1938 771 1980 reading]
783 1937 827 1980 of
837 1937 1025 1970 Friedrich
1032 1937 1099 1979 sor
1110 1937 1165 1970 the
1176 1937 1439 1981 unintelliqiblc

235 1989 388 2029 integros
406 1984 450 2027 of
467 1984 522 2016 the
538 1983 645 2016 better
661 1990 737 2016 uss.

232 2044 284 2079 24
