1560 2294
739 113 943 152 CICERO

235 224 300 258 est
317 219 534 257 verborum
553 223 597 256 et
612 217 784 263 laetum,
802 217 876 255 sed
892 216 1124 268 palaestrae
1141 219 1272 269 magis
1290 222 1335 256 et
1350 217 1445 264 olei,

172 293 215 325 82
235 294 359 332 quam
380 279 499 318 huius
523 279 648 318 civilis
669 279 817 317 turbae
840 292 886 316 ac
907 277 996 317 fori.
1052 278 1241 331 Namque
1263 285 1444 331 egomet,

235 344 306 393 qui
322 355 427 388 sero,
443 355 490 379 ac
505 340 653 379 leviter
669 340 847 379 Graecas
864 340 1024 378 litteras
1042 342 1286 392 attigissem,
1302 346 1445 380 tamen

234 416 328 442 cum
356 416 431 454 pro
468 402 633 441 consule
671 404 714 440 in
751 401 934 439 Ciliciam
962 401 1220 453 proficiscens
1257 401 1444 442 Athenas

234 467 452 510 venissem,
471 463 699 515 complures
725 469 816 502 tum
841 463 898 501 ibi
923 463 1011 501 dies
1034 477 1123 501 sum
1146 468 1316 515 propter
1333 467 1444 504 navi-

235 526 361 578 gandi
380 526 664 564 difficultatem
683 530 957 563 commoratus
977 538 986 563 :
1023 524 1111 571 sed,
1139 538 1233 563 cum
1259 526 1444 577 quotidie

234 601 398 626 mecum
417 587 615 626 haberem
633 586 819 625 homines
839 586 1109 632 doctissimos,
1129 599 1199 625 eos
1213 585 1302 626 fere
1320 590 1443 639 ipsos,

235 652 305 702 qui
326 650 398 688 abs
424 655 469 688 te
494 648 617 687 modo
643 654 740 687 sunt
759 650 973 694 nominati,
994 661 1171 700 cumque
1191 647 1283 696 hoc,
1306 653 1444 689 nescio

234 711 454 763 quomodo,
479 710 590 762 apud
613 723 682 749 eos
707 710 1011 756 increbruisset,
1035 723 1102 748 me
1126 712 1170 748 in
1193 713 1324 749 causis
1357 725 1444 750 ma-

233 773 400 818 ioribus,
429 774 549 811 sicuti
577 777 636 818 te,
665 771 796 810 solere
824 773 991 817 versari,
1018 785 1093 823 pro
1122 785 1166 810 se
1192 775 1366 825 quisque
1395 779 1444 813 ut

234 839 415 886 poterat,
434 834 487 872 de
506 834 636 872 officio
656 838 701 872 et
718 835 879 871 ratione
899 835 1070 872 oratoris
1090 832 1343 885 disputabat.

172 910 216 943 83
287 896 446 934 Horum
471 895 552 941 alii,
576 898 682 934 sicut
704 897 784 933 iste
807 897 896 946 ipse
922 894 1206 941 Mnesarchus,
1229 894 1318 943 hos,
1341 910 1443 949 quos

235 971 307 996 nos
350 963 532 996 oratores
575 969 827 1002 vocaremus,
848 955 969 994 <nihil
1012 970 1101 996 esse
1143 957 1324 1004 dicebat,
1365 961 1442 998 nisi

235 1019 434 1072 quosdam
478 1021 698 1070 operarios,
743 1018 884 1070 lingua
928 1018 1050 1056 celeri
1096 1024 1141 1058 et
1185 1022 1442 1067 exercitata3

234 1087 439 1120 oratorem
453 1086 608 1126 autem,
620 1082 697 1118 nisi
710 1083 780 1132 qui
793 1082 955 1131 sapiens
969 1086 1093 1126 esset,
1107 1093 1197 1119 esse
1209 1084 1417 1120 neminem
1431 1095 1443 1130 3

234 1148 361 1194 atque
398 1145 529 1194 ipsam
567 1141 861 1193 eloquentiam,
898 1141 1010 1193 quod
1047 1155 1099 1180 ex
1135 1142 1243 1181 bene
1280 1143 1442 1182 dicendi

234 1206 406 1243 scientia
428 1209 650 1248 constaret,
663 1217 788 1241 unam
812 1203 1035 1255 quamdam
1059 1217 1149 1242 esse
1171 1207 1382 1252 virtutem,
1398 1211 1443 1244 et

234 1268 304 1318 qui
332 1279 457 1303 unam
484 1267 681 1303 virtutem
708 1264 897 1311 haberet,
924 1278 1066 1303 omnes
1093 1265 1262 1312 habere,
1290 1279 1442 1319 easque

235 1339 323 1365 esse
366 1329 475 1365 inter
512 1339 556 1364 se
600 1325 793 1377 aequales
832 1331 876 1365 et
912 1339 1060 1377 pares:
1112 1329 1186 1373 ita,
1223 1330 1294 1380 qui
1332 1334 1442 1368 esset

234 1388 444 1440 eloquens,
478 1401 573 1426 eum
606 1390 778 1427 virtutes
817 1401 958 1426 omnes
991 1387 1159 1435 habere,
1192 1394 1319 1442 atque
1352 1403 1442 1430 esse

232 1453 475 1502 sapientem.
531 1449 614 1488 Sed
631 1449 734 1488 haec
753 1455 843 1488 erat
861 1452 1023 1501 spinosa
1041 1450 1245 1502 quaedam
1264 1456 1309 1490 et
1326 1451 1442 1491 exilis

232 1514 377 1558 oratio,
421 1511 626 1564 longeque
672 1525 697 1549 a
746 1514 894 1550 nostris
948 1513 1132 1550 sensibus
1179 1511 1439 1553 abhorrebat.

170 1590 213 1621 84
233 1573 483 1612 Charmadas
524 1587 620 1612 vero
657 1573 788 1611 multo
826 1574 991 1612 uberius
1030 1573 1185 1612 eisdem
1225 1574 1279 1613 de
1318 1575 1441 1614 rebus

233 1635 478 1687 loquebatur
497 1649 506 1674 ι
539 1649 621 1674 non
639 1649 721 1687 quo
739 1637 919 1686 aperiret
937 1638 1187 1674 sententiam
1205 1649 1321 1675 suam
1339 1649 1349 1683 ;
1375 1636 1442 1676 hic

234 1699 343 1735 enim
364 1710 452 1735 mos
475 1702 565 1735 erat
586 1699 743 1748 patrius
765 1696 1030 1742 Academiae,
1053 1696 1257 1735 adversari
1278 1710 1442 1750 semper

233 1759 420 1796 omnibus
458 1761 499 1796 in
533 1758 806 1810 disputando;
849 1758 922 1796 sed
959 1772 1052 1796 cum
1085 1761 1264 1797 maxime
1298 1764 1441 1798 tamen

232 1819 309 1858 hoc
334 1820 605 1872 significabat,
632 1833 715 1866 eos,
742 1823 811 1872 qui
837 1819 1022 1858 rhetores
1049 1823 1370 1867 nominarentur,
1397 1826 1441 1859 et

279 1916 295 1932 ⁰
321 1912 556 1946 Mnesarchus
583 1916 779 1956 represents
805 1913 866 1947 the
890 1912 1019 1953 Stoies,
1046 1913 1166 1947 whose
1190 1912 1441 1947 fundamental

231 1955 391 1990 doctrine
414 1956 455 1990 of
478 1957 538 1990 the
562 1958 666 2000 unity
689 1957 761 1990 and
783 1957 988 2000 coequality
1009 1956 1050 1990 of
1073 1956 1123 1990 all
1143 1958 1274 1992 virtues
1302 1956 1440 2001 implioe

231 2000 309 2033 that
324 2000 385 2034 the
401 1999 628 2043 philosopher
643 2000 747 2036 alone
762 2011 829 2035 can
847 2001 892 2035 be
907 2012 953 2035 an
970 2003 1099 2036 orator.

231 2064 280 2100 58
