1560 2294
771 123 976 163 CICERO

270 236 368 270 sunt
386 244 469 269 non
487 243 667 282 possum,
681 228 782 268 mihi
801 242 874 280 pro
888 241 982 266 meo
1002 231 1089 266 iure
1109 239 1226 266 sumo
1244 239 1254 265 t
1283 238 1412 264 unum
1430 229 1480 264 ut

270 315 443 355 molesto
463 320 536 353 aut
554 314 703 353 difficili
722 318 967 366 argumento
987 318 1060 350 aut
1077 311 1166 350 loco
1185 322 1479 362 nonnunquam

272 405 437 441 omnino
460 401 561 440 nihil
582 400 870 453 respondeam,
890 399 1001 452 quod
1023 397 1195 437 forsitan
1221 397 1366 449 aliquis
1391 399 1479 435 iure

270 489 582 538 irriserit—quis
616 488 727 524 enim
760 490 825 524 est
857 486 928 536 qui
959 483 1003 522 id
1034 482 1171 522 facere
1203 495 1286 521 non
1317 480 1479 533 possit?

269 572 344 611 sed
358 577 502 611 tamen
517 584 596 624 ego
611 570 664 609 de
679 583 774 608 mea
789 582 912 615 nunc,
927 582 1010 607 non
1025 568 1078 607 de
1095 567 1266 607 aliorum
1279 565 1480 605 facultate

271 657 451 708 disputo,
476 656 757 707 confiteorque
781 667 850 693 me
875 656 909 693 si
941 666 1049 706 quae
1073 657 1238 705 premat
1268 663 1334 690 res
1358 649 1482 690 vehe-

272 744 452 780 mentius
478 743 538 780 ita
563 740 711 779 cedere
730 738 861 778 solere
883 743 933 777 ut
956 751 1040 777 non
1057 737 1179 776 modo
1205 749 1288 775 non
1306 736 1482 782 abiecto,

274 826 348 865 sed
371 839 425 864 ne
453 828 608 864 reiecto
633 824 801 876 quidem
825 828 942 862 scuto
966 821 1112 875 fugere
1137 821 1290 867 videar,
1314 819 1388 859 sed
1412 819 1483 859 ad-

274 911 416 950 hibere
435 909 659 962 quamdam
676 911 720 947 in
745 907 919 947 dicendo
938 909 1118 959 speciem
1137 911 1264 958 atque
1289 918 1483 957 pompam

275 1001 320 1035 et
345 1008 511 1048 pugnae
538 993 712 1033 similem
738 992 910 1046 fugam3
936 968 1174 1030 vconsistere
1200 1003 1297 1030 vero
1321 991 1365 1028 in
1389 1001 1484 1028 meo

275 1079 478 1132 praesidio
497 1081 554 1118 sic
571 1084 620 1118 ut
644 1092 727 1117 non
743 1076 930 1130 fugiendi
955 1075 1083 1115 hostis
1101 1075 1175 1114 sed
1202 1073 1391 1127 capiendi
1407 1073 1484 1112 loci

191 1175 258 1208 295
276 1178 398 1204 causa
425 1166 593 1203 cessisse
627 1162 795 1209 videar3
838 1161 1014 1200 alterum
1043 1166 1107 1199 est
1135 1159 1236 1198 illud
1268 1158 1379 1212 quod
1406 1171 1484 1211 ego

275 1252 455 1289 maxime
501 1250 653 1287 oratori
691 1246 919 1286 cavendum
958 1251 1003 1284 et
1047 1244 1346 1297 providendum
1382 1249 1485 1295 puto

276 1334 470 1387 quodque
499 1346 567 1372 me
597 1332 814 1371 sollicitare
844 1343 1004 1370 summe
1033 1329 1166 1369 solet:
1210 1342 1294 1368 non
1321 1334 1410 1368 tam
1437 1333 1486 1368 ut

276 1421 429 1471 prosim
466 1420 597 1456 causis
640 1416 851 1455 elaborare
892 1414 1003 1454 soleo
1041 1427 1167 1466 quam
1205 1418 1254 1453 ut
1292 1426 1345 1452 ne
1387 1412 1487 1466 quid

277 1504 408 1543 obsim
426 1515 437 1548 ;
479 1516 561 1541 non
599 1503 698 1554 quin
739 1500 981 1540 enitendum
1014 1502 1068 1538 sit
1108 1501 1152 1537 in
1190 1503 1381 1550 utroque,
1413 1498 1487 1538 sed

279 1593 422 1627 tamen
434 1586 565 1625 multo
583 1591 647 1625 est
658 1588 818 1637 turpius
833 1586 985 1624 oratori
997 1586 1182 1622 nocuisse
1198 1582 1326 1622 videri
1339 1596 1486 1622 causae

281 1686 406 1725 quam
422 1685 503 1710 non
518 1670 730 1723 profuisse.
788 1668 984 1708 LXXIII.
1014 1667 1096 1707 Sed
1111 1667 1211 1720 quid
1224 1666 1403 1706 hocloco
1418 1681 1487 1707 vos

220 1806 226 1810 Ι
282 1760 391 1796 inter
417 1769 500 1802 vos,
524 1755 705 1794 Catule?
760 1754 827 1792 An
856 1753 959 1792 haec
987 1758 1036 1792 ut
1062 1757 1160 1791 sunt
1187 1752 1490 1792 contemnenda

280 1843 544 1881 contemnitis
563 1841 578 1878 ?

335 1926 524 1971 Minime,
537 1927 672 1977 inquit
687 1924 770 1970 ille,
783 1922 857 1962 sed
870 1922 1021 1961 Caesar
1037 1921 1090 1960 de
1102 1923 1181 1960 isto
1193 1923 1281 1973 ipso
1293 1920 1488 1974 quiddam

281 2010 386 2050 velle
407 2010 543 2050 dicere
563 2008 793 2048 videbatur.

279 2091 356 2125 422
