1560 2294
739 66 944 106 CICERO

174 179 219 212 90
237 170 447 217 docerent,
479 185 568 210 esse
599 171 895 223 quaerendum.
961 170 1094 222 Saepe
1126 173 1253 209 etiam
1281 172 1326 208 in
1355 182 1448 208 eam

181 994 220 1027 91

238 244 400 290 partem
438 237 651 277 ferebatur
686 241 886 284 oratione,
921 243 970 276 ut
1004 240 1168 276 omnino
1204 237 1449 289 disputaret,

240 306 391 344 nullam
421 312 554 344 artem
585 319 673 344 esse
703 305 893 343 dicendi:
928 305 1053 357 idque
1081 319 1176 344 cum
1196 307 1448 357 argumentis

240 373 450 419 docuerat,
478 373 590 425 quod
615 376 676 411 ita
702 375 790 410 nati
819 386 1015 418 essemus,
1042 377 1092 411 ut
1119 378 1163 411 et
1189 372 1378 418 blandiri,
1405 378 1450 411 et

240 441 478 493 suppliciter
506 443 712 478 insinuare
743 442 816 486 eis,
843 453 868 478 a
897 441 1044 492 quibus
1072 445 1182 478 esset
1207 439 1450 491 petendum,

242 514 286 547 et
317 509 567 547 adversarios
597 510 814 546 minaciter
843 513 1000 546 terrere
1031 521 1257 559 possemus,
1289 513 1334 546 et
1363 520 1451 546 rem

241 582 403 629 gestam
437 589 659 627 exponere,
693 580 737 613 et
768 575 825 621 id,
859 575 970 627 quod
1001 575 1325 621 intenderemus,
1358 588 1452 614 con-

243 645 418 689 firmare,
440 649 483 682 et
503 643 558 689 id,
580 642 690 694 quod
710 648 853 681 contra
873 642 1092 689 diceretur,
1112 641 1315 689 refellere,
1337 648 1381 682 et
1400 642 1453 681 ad

243 718 476 751 extremum
497 711 709 762 deprecari
731 710 898 761 aliquid,
921 715 965 748 et
985 713 1180 762 conqueri
1198 723 1208 756 3
1244 711 1390 762 quibus
1410 713 1452 748 in

242 781 364 819 rebus
389 781 519 818 omnis
545 783 753 816 oratorum
777 783 1009 815 versaretur
1032 776 1235 824 facultas3
1275 783 1319 817 et
1344 778 1454 830 quod

243 846 496 887 consuetudo
512 848 837 896 exercitatioque
854 851 897 883 et
908 845 1177 898 intellegendi
1191 846 1453 897 prudentiam

244 921 425 960 acueret,
463 919 507 952 et
543 912 763 965 eloquendi
799 913 1057 951 celeritatem
1093 916 1312 952 incitaret:
1363 919 1452 952 tum

244 986 370 1022 etiam
398 981 680 1032 exemplorum
706 982 824 1031 copia
849 981 1073 1018 nitebatur.
1130 980 1236 1019 Nam
1262 983 1452 1032 primum,

242 1053 358 1103 quasi
393 1049 536 1088 dedita
577 1061 716 1100 opera,
751 1050 959 1086 neminem
993 1051 1233 1099 scriptorem
1268 1051 1366 1087 artis
1399 1062 1452 1088 ne

242 1118 503 1156 mediocriter
541 1115 709 1167 quidem
746 1114 946 1153 disertum
983 1114 1109 1154 fuisse
1147 1115 1326 1162 dicebat,
1359 1130 1450 1155 cum

242 1190 454 1237 repeteret
478 1196 608 1235 usque
633 1196 658 1220 a
681 1182 833 1221 Corace
858 1185 994 1221 neseio
1018 1196 1114 1234 quo,
1139 1189 1183 1222 et
1205 1183 1328 1230 Tisia,
1352 1197 1452 1236 quos

243 1256 341 1291 artis
369 1252 474 1290 illius
501 1254 735 1289 inventores
764 1255 808 1288 et
834 1252 1037 1301 principes
1064 1249 1189 1289 fuisse
1217 1257 1453 1298 constaret3

244 1321 598 1372 eloquentissimos
634 1323 776 1356 autern
804 1317 1004 1364 homines,
1033 1321 1104 1370 qui
1133 1321 1214 1357 ista
1242 1332 1318 1357 nec
1351 1319 1453 1358 didi-

243 1391 408 1434 cissent,
435 1400 512 1425 nec
545 1388 710 1424 omnino
744 1387 846 1424 scire
881 1391 1106 1431 curassent,
1135 1387 1452 1425 innumerabiles

244 1456 443 1508 quosdam
482 1454 748 1499 nominabat3
796 1455 840 1491 in
882 1453 1029 1504 quibus
1073 1456 1200 1492 etiam
1241 1453 1341 1506 (sive
1385 1454 1452 1493 ille

243 1524 428 1568 irridens,
456 1525 539 1560 sive
567 1521 679 1573 quod
703 1523 764 1559 ita
789 1525 973 1572 putaret,
1001 1526 1127 1572 atque
1153 1523 1214 1559 ita
1241 1521 1454 1574 audisset),

242 1604 309 1629 me
331 1593 374 1628 in
395 1590 463 1628 illo
485 1602 670 1634 numero,
693 1590 763 1640 qui
784 1587 853 1625 illa
874 1601 957 1626 non
978 1587 1224 1634 didicissem,
1247 1594 1291 1627 et
1312 1594 1454 1628 tamen

244 1658 308 1709 (ut
329 1660 417 1709 ipse
439 1656 621 1708 dicebat)
643 1668 805 1707 possem
828 1655 982 1707 aliquid
1002 1657 1044 1692 in
1066 1655 1253 1702 dicendo,
1274 1655 1454 1707 profere-

243 1726 329 1763 bat.
386 1724 570 1772 Quorum
601 1723 657 1761 illi
692 1723 867 1761 alterum
898 1721 1017 1760 facile
1057 1723 1325 1769 assentiebar,
1356 1723 1454 1762 nihil

244 1805 311 1830 me
339 1792 552 1836 didicisse3
586 1793 628 1828 in
658 1790 787 1828 altero
818 1795 958 1827 autem
985 1803 1051 1827 me
1078 1789 1192 1828 illudi
1219 1791 1272 1828 ab
1298 1803 1361 1836 eo,
1381 1797 1454 1829 aut

293 1923 308 1938 ⁰
332 1918 401 1951 For
424 1918 539 1950 Corax
563 1917 635 1950 and
658 1916 772 1949 Tisias
796 1927 853 1949 see
877 1916 999 1949 IndeX.
1050 1915 1105 1958 By
1128 1918 1234 1959 using
1256 1917 1316 1950 the
1339 1915 1453 1950 words

243 1963 358 1995 nescio
376 1972 443 2003 quo
460 1962 638 1994 Antonius
655 1960 778 1994 affects
795 1961 987 2003 ignorance
1002 1959 1043 1993 of
1056 1959 1199 2003 literar-y
1214 1960 1360 2003 history.

243 2019 294 2053 64
