1560 2294
739 116 944 157 CICERO

233 222 374 262 didem
391 227 468 268 est,
485 223 591 260 sicut
606 220 706 259 mihi
723 220 899 266 videtur,
915 223 1113 259 imitatus.
1170 219 1320 260 Postea
1335 235 1446 269 vero,

233 288 444 327 rhetorum
462 301 513 325 ex
530 286 751 324 clarissima
768 288 883 338 quasi
899 286 1071 332 officina,
1088 286 1169 325 duo
1185 293 1445 338 praestantes

233 356 412 406 ingenio,
431 352 720 403 Theopompus
741 357 784 390 et
803 351 1005 403 Ephorus,
1025 353 1077 390 ab
1098 351 1277 391 Isocrate
1296 355 1445 406 magis—

233 426 298 458 tro
332 418 509 470 impulsi,
546 431 589 456 se
626 417 680 456 ad
713 417 926 455 historiam
962 417 1225 457 contulerunt
1243 430 1254 464 ;
1303 431 1444 457 causas

233 488 397 524 omnino
417 497 628 535 nunquam
649 485 891 535 attigerunt.

172 559 216 592 58
285 550 396 589 XIV.
427 550 619 600 Denique
642 551 768 587 etiam
790 562 814 586 a
833 547 1089 600 philosophia
1107 547 1317 600 profectus
1336 552 1446 601 prin-

234 630 329 668 ceps
360 614 606 667 Xenophon,
638 613 866 653 Socraticus
897 613 979 660 ille,
1011 619 1105 665 post
1136 614 1189 653 ab
1219 615 1444 654 Aristotele

234 681 519 727 Callisthenes,
543 693 679 719 comes
704 679 944 726 Alexandri,
968 683 1127 731 scripsit
1150 679 1376 727 historiam,
1400 686 1444 720 et

233 751 266 787 is
285 747 452 799 quidem
469 746 672 784 rhetorico
690 759 824 797 paene
841 758 955 784 more
975 758 985 791 ;
1017 745 1084 784 ille
1103 751 1244 784 autem
1261 749 1445 798 superior

233 814 386 852 leniore
408 812 587 864 quodam
609 825 708 850 sono
731 817 795 850 est
816 824 927 857 usuS,
949 816 994 850 et
1015 813 1085 863 qui
1106 811 1220 850 illum
1241 814 1444 864 impetum

233 882 403 918 oratoris
432 892 514 917 non
542 877 711 923 habeat,
740 876 962 915 vehemens
991 876 1165 916 fortasse
1194 880 1342 924 minus,
1370 878 1444 917 sed

234 945 444 997 aliquanto
461 950 605 982 tamen
622 948 700 989 est,
717 948 765 981 ut
781 942 882 980 mihi
899 942 1066 994 quidem
1084 942 1260 989 videtur,
1277 943 1442 983 dulcior.

235 1011 432 1049 Minimus
468 1015 570 1047 natu
604 1008 750 1047 horum
785 1011 968 1047 omnium
1002 1008 1208 1055 Timaeus,
1243 1014 1443 1060 quantum

233 1081 374 1115 autem
390 1075 570 1113 iudicare
586 1087 766 1125 possum,
781 1073 904 1125 longe
922 1073 1232 1120 eruditissimus,
1249 1080 1293 1113 et
1307 1087 1444 1114 rerum

232 1144 349 1193 copia
373 1146 416 1179 et
439 1142 740 1178 sententiarum
763 1142 964 1177 varietate
989 1139 1377 1187 abundantissimus,
1400 1145 1444 1180 et

231 1210 320 1259 ipsa
342 1207 636 1257 compositione
660 1205 877 1242 verborum
899 1218 982 1243 non
1004 1204 1227 1256 impolitus,
1250 1219 1444 1258 magnam

233 1273 512 1324 eloquentiam
532 1270 585 1309 ad
603 1269 863 1309 scribendum
883 1269 1039 1316 attulit,
1058 1269 1132 1309 sed
1150 1270 1306 1309 nullum
1325 1285 1444 1311 usum

233 1337 450 1376 forensem.

170 1415 216 1449 59
285 1404 400 1441 Haec
429 1415 522 1440 cum
544 1401 612 1440 ille
633 1401 805 1440 dixisset
823 1414 833 1440 ι
871 1400 982 1449 Quid
1002 1406 1080 1447 est,
1099 1403 1247 1453 inquit,
1267 1401 1444 1442 Catule?

233 1469 383 1508 Caesar
402 1481 412 1514 3
452 1469 521 1506 ubi
560 1473 670 1513 sunt,
710 1469 780 1518 qui
818 1467 1047 1505 Antonium
1086 1467 1244 1506 Graece
1287 1474 1444 1520 negant

233 1535 360 1573 scire?
408 1533 522 1581 Quot
552 1532 763 1571 historicos
778 1532 1023 1571 nominavit!
1073 1532 1208 1581 Quam
1239 1534 1442 1574 scienter!

233 1614 357 1652 quam
386 1601 548 1651 proprie
574 1598 627 1637 de
647 1611 895 1650 unoquoque
926 1598 1058 1636 dixit!
1117 1598 1166 1637 Id
1196 1598 1443 1646 mehercule,

233 1668 367 1717 inquit
400 1664 584 1710 Catulus,
619 1663 838 1709 admirans,
870 1663 971 1702 illud
1002 1666 1085 1702 iam
1117 1666 1254 1702 mirari
1287 1664 1442 1711 desino,

234 1731 344 1783 quod
382 1730 513 1768 multo
550 1732 681 1781 magis
721 1735 818 1767 ante
852 1730 1042 1774 mirabar,
1071 1728 1192 1775 hunc,
1220 1743 1313 1768 cum
1341 1729 1443 1770 haec

234 1799 424 1841 nesciret,
445 1798 487 1833 in
519 1794 692 1833 dicendo
724 1807 843 1846 posse
876 1799 1052 1832 tantum.
1106 1794 1249 1846 Atqui,
1282 1794 1442 1843 Catule,

233 1864 366 1913 inquit
392 1861 610 1905 Antonius,
637 1873 719 1898 non
746 1873 822 1911 ego
849 1859 1074 1898 utilitatem
1101 1859 1279 1911 aliquam
1305 1860 1358 1899 ad
1382 1860 1441 1899 di-

707 2029 724 2046 ·
746 2025 802 2059 220.
820 2024 964 2059 Greece.

233 2092 309 2126 240
