1560 2294
740 113 945 154 CICERO

237 216 523 267 descripseras,
557 218 723 268 inopem
759 217 981 269 quemdam
1015 218 1283 260 humanitatis
1319 227 1445 275 atque

236 282 494 319 inurbanum.

287 347 392 385 Tum
419 347 623 386 Antonius
643 361 652 386 z
683 347 785 386 Heri
808 350 932 394 enim,
955 351 1103 401 inquit,
1131 349 1208 389 hoc
1236 351 1336 390 mihi
1353 366 1445 404 pro-

235 426 467 465 posueram,
496 418 557 458 ut,
586 414 619 450 si
648 418 691 451 te
720 412 975 460 refellissem,
1001 413 1074 453 hos
1103 429 1128 453 a
1155 421 1199 455 te
1228 417 1444 470 discipulos

236 478 484 517 abducerem
503 492 513 516 ι
540 492 662 524 nunc,
676 478 823 517 Catulo
837 479 1032 518 audiente
1047 486 1091 519 et
1103 480 1293 529 Caesare,
1306 484 1445 523 videor

236 544 388 583 debere
421 557 502 582 non
534 549 622 582 tam
653 557 838 596 pugnare
871 550 1024 592 tecum,
1057 560 1195 598 quam,
1227 549 1326 600 quid
1356 552 1444 602 ipse

173 615 215 647 41
236 612 426 655 sentiam,
448 609 596 648 dicere.
652 608 846 661 Sequitur
867 612 1006 663 igitur,
1029 615 1221 663 quoniam
1243 615 1358 653 nobis
1381 621 1444 654 est

235 674 313 721 hic,
337 675 389 713 de
413 688 494 727 quo
517 674 734 727 loquimur,
758 678 800 713 in
822 674 910 714 foro
934 682 1060 728 atque
1083 679 1126 715 in
1149 678 1273 718 oculis
1296 682 1443 720 civium

234 741 559 786 constituendus,
586 746 634 779 ut
661 741 885 787 videamus,
913 742 1012 794 quid
1038 745 1076 781 ei
1102 747 1259 796 negotii
1285 745 1443 793 demus,

234 809 382 859 cuique
404 819 499 845 eum
519 809 679 844 muneri
695 806 865 845 velimus
887 820 976 846 esse
995 811 1289 860 praepositum.
1337 811 1444 851 Nam

235 871 402 910 Crassus
423 871 526 918 heri,
547 885 641 910 cum
669 885 752 918 vos,
775 871 922 911 Catule
952 878 996 912 et
1025 873 1189 921 Caesar,
1218 889 1300 915 non
1329 877 1444 916 ades-

234 940 348 983 setis,
363 940 501 989 posuit
517 938 698 976 breviter
714 940 755 975 in
773 940 871 976 artis
888 938 1176 979 distributione
1192 941 1317 988 idem,
1334 943 1444 994 quod

236 1003 382 1042 Graeci
417 1003 602 1054 plerique
638 1009 879 1054 posuerunt,
915 1017 1051 1056 neque
1087 1018 1186 1044 sane
1222 1007 1321 1059 quid
1355 1010 1443 1060 ipse

235 1071 421 1114 sentiret,
449 1068 523 1107 sed
550 1068 650 1120 quid
678 1069 730 1107 ab
757 1069 833 1107 illis
861 1069 1080 1117 diceretur,
1108 1072 1318 1111 ostendit:
1361 1073 1442 1113 duo

233 1137 365 1186 prima
382 1147 536 1187 genera
554 1137 841 1186 quaestionum
860 1148 964 1181 esse,
981 1138 1024 1173 in
1041 1137 1188 1188 quibus
1207 1137 1442 1190 eloquentia

170 1209 216 1242 42
234 1205 477 1245 versaretur,
512 1213 638 1238 unum
674 1199 894 1246 infinitum,
928 1200 1103 1240 alterum
1139 1208 1311 1242 certum.
1376 1204 1442 1244 In-

234 1266 395 1304 finitum
432 1265 531 1303 mihi
569 1265 786 1304 videbatur
822 1266 865 1304 id
902 1266 1052 1313 dicere,
1089 1269 1132 1305 in
1169 1281 1251 1320 quo
1289 1269 1441 1322 aliquid

233 1333 463 1384 generatim
494 1336 776 1383 quaereretur,
804 1330 881 1370 hoc
909 1332 1061 1371 modo:
1111 1332 1120 1346 ⁸
1139 1333 1441 1386 Expetendane

234 1403 343 1436 esset
377 1396 627 1448 eloquentia,
661 1397 939 1448 expetendine
972 1397 1180 1437 honores?
1201 1397 1209 1412 ’
1271 1399 1441 1441 Certum

233 1469 388 1508 autem,
408 1465 449 1500 in
469 1476 550 1514 quo
570 1462 670 1514 quid
687 1464 730 1500 in
748 1465 945 1514 personis,
966 1469 1010 1502 et
1028 1466 1070 1502 in
1089 1467 1315 1504 constituta
1333 1479 1377 1505 re
1397 1473 1442 1506 et

233 1529 403 1568 definita
426 1533 694 1580 quaereretur
713 1541 722 1566 :
759 1530 872 1567 euius
894 1529 1006 1567 modi
1027 1535 1137 1576 sunt,
1160 1543 1267 1582 quae
1288 1533 1331 1570 in
1352 1530 1440 1571 foro

233 1600 358 1646 atque
375 1596 418 1631 in
435 1596 581 1632 civium
599 1596 728 1632 causis
747 1593 1194 1647 disceptationibusque
1212 1603 1437 1637 versantur.

170 1669 213 1702 43
232 1660 294 1698 Ea
317 1659 416 1698 mihi
441 1659 632 1698 videntur
657 1665 729 1698 aut
753 1661 796 1697 in
819 1659 892 1698 lite
918 1660 1085 1706 oranda,
1111 1666 1184 1700 aut
1207 1664 1250 1700 in
1274 1662 1439 1702 consilio

232 1725 368 1764 dando
385 1738 473 1764 esse
486 1727 635 1776 posita,
647 1738 743 1763 nam
755 1725 855 1763 illud
867 1728 1052 1771 tertium,
1066 1726 1177 1778 quod
1193 1732 1238 1766 et
1253 1740 1278 1765 a
1293 1727 1438 1767 Crasso

230 1796 390 1830 tactum
406 1796 484 1836 est,
500 1796 558 1836 et,
574 1796 622 1829 ut
638 1790 774 1836 audio,
789 1790 856 1829 ille
872 1793 959 1843 ipse
976 1791 1235 1838 Aristoteles,
1251 1795 1321 1844 qui
1336 1792 1438 1833 haec

348 1948 365 1965 ⁰
387 1945 559 1979 Remains
575 1944 620 1988 os
633 1943 704 2008 Olff
719 1944 829 2021 {abitu
842 1943 1022 2023 {Liff†),
1040 1946 1062 1979 i.
1080 1956 1141 1989 pp.
1161 1947 1322 1981 558-559.

750 2011 755 2020 ,
779 1999 796 2021 e
814 2014 823 2022 .
862 2013 871 2022 .
928 2013 938 2022 .
978 2013 988 2023 .

229 2076 304 2113 228
