1560 2294
748 111 953 151 CICERO

243 215 388 262 culeio,
415 216 539 268 quod,
564 218 807 268 cuicumque
833 216 1059 268 particulae
1085 215 1187 255 coeli
1211 216 1455 263 ostica-etur,

243 276 428 326 quamvis
448 279 558 312 esset
576 273 730 325 procul,
749 276 901 311 mutari
919 273 1074 311 lumina
1092 274 1281 325 putabat.

160 341 224 375 180
296 330 407 379 Quid
425 330 556 369 vero?
604 330 825 369 clarissima
855 329 930 369 M'.
952 330 1063 369 Curii
1091 344 1214 369 causa
1241 331 1454 383 Marcique

244 388 415 439 Coponii
459 400 591 439 nuper
644 387 755 438 apud
799 390 1088 434 centumviros,
1132 401 1214 440 quo
1257 401 1454 427 concursu

243 445 470 490 hominum,
514 457 597 496 qua
644 446 955 495 exspectatione
1002 443 1174 483 defensa
1218 445 1310 484 est!
1360 458 1454 484 cum

244 502 295 550 Q.
312 501 520 547 Scaevola,
536 501 718 552 aequalis
740 506 784 539 et
803 501 961 553 collega
979 515 1110 548 meus,
1130 501 1252 541 homo
1272 505 1454 541 omnium

245 566 289 598 et
304 559 516 610 disciplina
530 561 627 596 iuris
642 558 768 596 civilis
789 558 1101 605 eruditissimus,
1117 564 1161 598 et
1179 562 1346 611 ingenio
1360 573 1454 611 pru-

243 618 468 668 dentiaque
497 617 769 661 acutissimus,
797 621 842 654 et
869 618 1053 654 oratione
1081 618 1261 655 maxime
1288 616 1454 656 limatus

243 680 371 726 atque
393 672 567 719 subtilis,
590 678 732 724 atque,
754 677 802 710 ut
826 685 904 724 ego
926 671 1036 710 soleo
1059 672 1210 719 dicere,
1230 675 1328 712 iuris
1348 676 1455 726 peri-

242 738 380 771 torum
423 730 795 782 eloquentissimuS,
837 729 1119 781 eloquentium
1158 732 1255 769 iuris
1294 734 1454 783 peritis-

243 792 383 834 simus,
419 801 471 826 ex
504 789 655 838 scripto
690 792 1037 825 testamentorum
1069 789 1158 826 iura
1195 787 1454 836 defenderet,

243 851 515 899 negaretque,
535 846 612 882 nisi
632 849 847 895 postumus
868 848 913 883 et
932 849 1069 891 natus,
1090 849 1148 891 et,
1169 850 1394 898 antequam
1411 849 1454 885 in

243 918 359 943 suam
379 902 556 942 tutelam
577 903 771 946 venisset,
790 906 976 939 mortuus
998 906 1122 948 esset,
1142 901 1339 941 heredem
1359 917 1454 942 eum

243 975 332 1000 esse
352 973 486 1012 posse,
507 961 577 1011 qui
594 963 704 996 esset
723 958 949 996 secundum
963 964 1216 1010 postumum,
1232 965 1276 999 et
1295 966 1454 1007 natum,

243 1025 287 1057 et
320 1022 543 1062 mortuum,
577 1015 697 1053 heres
730 1017 974 1054 institutus:
1024 1029 1102 1069 ego
1137 1022 1278 1056 autem
1313 1017 1454 1057 defen-

242 1076 399 1120 derem,
419 1073 496 1111 hac
517 1086 612 1111 eum
631 1078 723 1111 tum
742 1078 884 1110 mente
904 1071 1044 1119 fuisse,
1065 1075 1134 1125 qui
1154 1079 1455 1115 testamentum

241 1132 422 1177 fecisset,
440 1136 502 1176 ut,
520 1132 553 1168 si
572 1129 676 1167 filius
694 1142 777 1167 non
795 1135 919 1175 esset,
938 1133 1007 1181 qui
1026 1132 1068 1168 in
1085 1131 1263 1170 tutelam
1281 1135 1454 1180 veniret,

245 1189 319 1228 M'.
347 1189 491 1227 Curius
521 1192 631 1225 esset
664 1186 796 1224 heres.
853 1186 962 1224 Num
991 1187 1154 1226 destitit
1179 1194 1355 1241 uterque
1383 1203 1454 1229 no-

242 1253 373 1286 strum
398 1249 441 1284 in
467 1258 517 1283 ea
539 1257 675 1289 causa,
695 1246 738 1282 in
763 1244 1092 1291 auctoritatibus,
1111 1247 1154 1283 in
1180 1247 1392 1298 exemplis,
1411 1250 1453 1286 in

243 1308 590 1344 testamentorum
607 1300 805 1346 formulis,
823 1300 900 1339 hoc
919 1306 996 1347 est,
1014 1304 1056 1339 in
1074 1302 1211 1341 medio
1227 1305 1316 1342 iure
1334 1305 1453 1351 civili,

244 1363 393 1400 versari
411 1361 426 1398 ?

158 1432 219 1468 181
293 1418 381 1456 XL.
412 1416 573 1455 Omitto
594 1417 678 1454 iam
699 1414 817 1466 plura
843 1415 1034 1466 exempla
1055 1429 1269 1457 causarum
1292 1419 1453 1471 amplis-

240 1478 449 1520 simarum,
484 1486 590 1525 quae
625 1477 722 1511 sunt
756 1472 1096 1512 innumerabilia:
1145 1477 1291 1526 capitis
1325 1479 1452 1515 nostri

241 1545 365 1583 saepe
394 1535 535 1582 potest
569 1529 753 1568 accidere
783 1534 831 1568 ut
860 1542 1007 1568 causae
1037 1537 1252 1570 versentur
1279 1535 1322 1570 in
1350 1534 1450 1572 iure.

243 1593 411 1630 Etenim
437 1593 493 1628 sic
520 1589 566 1628 C.
596 1589 851 1635 Mancinum,
871 1589 1165 1629 nobilissimum
1193 1597 1319 1643 atque
1348 1595 1453 1644 opti-

242 1662 355 1686 mum
389 1650 534 1692 virum,
562 1659 609 1685 ac
642 1646 911 1692 consularem,
937 1659 1031 1685 cum
1065 1661 1160 1685 eum
1192 1655 1362 1700 propter
1393 1653 1453 1688 in-

244 1705 393 1743 vidiam
422 1704 664 1742 Numantini
691 1702 868 1742 foederis
895 1709 1016 1754 pater
1042 1710 1230 1755 patratus
1258 1719 1310 1744 ex
1337 1705 1377 1745 S.
1406 1706 1451 1746 C.

287 1834 303 1851 ⁰
327 1830 393 1863 See
411 1829 515 1863 Book
534 1829 635 1868 11‚§§
656 1832 728 1868 140,
746 1831 823 1862 221.

291 1873 304 1894 ¹³
328 1874 395 1908 See
411 1875 470 1916 Ap
498 1855 642 1916 endi'xp
645 1875 749 1907 .480.
1115 1873 1195 1907 οῙιι
1214 1877 1275 1909 137
1292 1887 1324 1909 B.
1327 1885 1357 1910 c.

287 1917 303 1938 ⁶
326 1917 407 1951 One
437 1928 458 1950 o
503 1917 565 1950 the
591 1919 727 1959 twenty
745 1915 893 1959 fetiales
920 1927 942 1949 a
968 1916 1154 1959 pointed(
1142 1918 1338 1961 (patratus)
1363 1919 1448 1954 with

239 1962 365 2005 patria
377 1964 532 2004 potestas
549 1971 633 1994 over
647 1961 794 1994 citizens
809 1960 929 1994 whom
943 1927 992 1994 Ee
1004 1971 1078 1995 was
1093 1960 1282 2005 delegated
1296 1966 1334 1997 to
1351 1962 1449 1998 hand

242 2016 327 2038 over
343 2008 379 2038 to
395 2004 456 2038 the
470 2015 612 2047 enemy.

246 2077 319 2110 124
