1560 2294
765 119 970 159 CICERO

261 237 364 276 quos
381 237 474 263 cum
497 223 668 263 humare
685 223 840 262 vellent
863 226 925 262 sui
948 237 1085 276 neque
1107 228 1277 275 possent
1299 223 1473 263 obtritos

260 307 539 347 internoscere
556 306 638 345 ullo
653 305 791 351 modo,
811 304 1039 344 Simonides
1059 305 1209 344 dicitur
1225 318 1277 344 ex
1293 318 1343 344 eo
1362 304 1474 358 quod

260 390 516 428 meminisset
553 402 635 441 quo
666 401 808 426 eorum
836 387 924 427 loco
963 391 1136 440 quisque
1166 388 1375 427 cubuisset
1403 387 1474 427 de-

259 476 510 509 monstrator
529 473 847 522 uniuscuiusque
864 470 1091 522 sepeliendi
1110 469 1235 508 fuisse
1246 482 1257 516 ;
1286 468 1365 508 hac
1382 475 1474 508 tum

259 566 304 591 re
326 553 560 592 admonitus
586 555 789 591 invenisse
815 551 948 591 fertur
969 552 1156 591 ordinem
1181 565 1272 591 esse
1294 554 1474 590 maxime

176 642 243 676 354
261 637 331 687 qui
356 638 580 674 memoriae
605 635 746 673 lumen
775 633 953 673 afferret.
1010 634 1159 686 Itaque
1183 636 1242 673 eis
1270 635 1340 686 qui
1369 632 1475 672 hanc

260 722 423 769 partem
445 720 586 770 ingeni
603 722 846 756 exercerent
868 716 977 755 locos
1001 729 1091 755 esse
1114 715 1334 767 capiendos
1358 721 1403 755 et
1425 728 1476 754 ea

260 813 367 851 quae
386 802 585 838 memoria
603 805 749 838 tenere
768 798 923 837 vellent
941 797 1174 851 effingenda
1193 799 1329 836 animo
1347 803 1475 850 atque

259 883 303 920 in
328 883 386 920 eis
415 881 512 920 locis
539 881 803 920 collocanda:
845 883 902 919 sic
938 880 1027 919 fore
1053 885 1101 919 ut
1126 879 1313 919 ordinem
1337 893 1476 919 rerum

259 963 440 1002 locorum
475 964 574 1002 ordo
609 968 885 1008 conservaret,
919 975 984 1001 res
1019 967 1162 1001 autem
1195 964 1304 1014 ipsas
1338 975 1476 1001 rerum

259 1046 413 1098 effigies
430 1050 610 1092 notaret,
628 1051 755 1097 atque
772 1050 820 1084 ut
835 1045 932 1083 locis
948 1058 1022 1096 pro
1038 1057 1147 1090 cera,
1163 1043 1386 1083 simulacris
1401 1057 1475 1095 pro

175 1136 242 1169 355
260 1127 408 1167 litteris
428 1133 652 1166 uteremur.
709 1126 961 1165 LXXXVII.
991 1125 1073 1174 Qui
1091 1128 1146 1165 sit
1164 1131 1306 1165 autem
1325 1127 1475 1164 oratori

259 1212 483 1249 memoriae
509 1208 681 1255 fructus,
709 1214 867 1261 quanta
893 1208 1064 1254 utilitas,
1092 1213 1250 1260 quanta
1276 1210 1349 1254 vis,
1376 1207 1474 1260 quid

259 1305 327 1331 me
357 1294 511 1330 attinet
540 1291 711 1329 dicere?
770 1296 916 1329 tenere
946 1303 1053 1342 quae
1083 1289 1272 1329 didiceris
1300 1291 1344 1327 in
1373 1291 1475 1328 acci-

259 1373 412 1426 pienda
433 1386 569 1419 causa,
592 1386 700 1425 quae
721 1375 810 1424 ipse
832 1374 1024 1424 cogitaris
1042 1372 1058 1410 ?
1095 1384 1238 1410 omnes
1261 1371 1362 1410 fixas
1385 1383 1474 1410 esse

259 1459 302 1494 in
327 1458 463 1494 animo
487 1457 716 1494 sententias
735 1455 751 1493 ?
790 1467 956 1493 omnem
981 1453 1233 1505 descriptum
1257 1453 1474 1492 verborum

261 1543 507 1590 apparatum
526 1537 542 1575 ?
569 1539 630 1575 ita
650 1536 791 1575 audire
813 1535 877 1575 vel
897 1549 993 1574 eum
1012 1535 1123 1574 unde
1143 1535 1274 1574 discas
1293 1534 1359 1574 vel
1378 1547 1475 1574 eum

262 1623 327 1659 cui
349 1618 684 1671 respondendum
706 1621 760 1657 sit
789 1624 837 1657 ut
864 1618 921 1656 illi
945 1631 1027 1656 non
1048 1616 1267 1656 infundere
1289 1619 1332 1655 in
1354 1630 1473 1656 aures

260 1708 354 1741 tuas
379 1704 608 1741 orationem
633 1700 707 1739 sed
739 1702 782 1738 in
808 1702 944 1738 animo
969 1699 1187 1738 videantur
1219 1699 1472 1738 inscribere?

262 1785 411 1837 Itaque
429 1783 502 1823 soli
526 1786 596 1835 qui
614 1785 812 1821 memoria
829 1785 971 1834 vigent
993 1783 1128 1820 sciunt
1151 1781 1250 1833 quid
1268 1786 1312 1820 et
1329 1786 1474 1834 quate-

261 1880 337 1905 nus
358 1872 402 1905 et
422 1865 628 1918 quomodo
649 1864 797 1903 dicturi
817 1866 913 1910 sint,
934 1863 1034 1915 quid
1053 1862 1354 1915 responderint,
1374 1862 1474 1914 quid

261 1951 464 2000 supersit:
499 1947 718 1999 eidemque
733 1946 865 1985 multa
885 1959 936 1985 ex
957 1945 1044 1983 aliis
1059 1947 1190 1984 causis
1210 1943 1429 1997 aliquando
1448 1957 1474 1983 a

261 2082 339 2118 466
