1560 2294
752 78 957 118 CICERO

166 192 231 225 227
302 183 418 221 LIII.
450 183 597 235 Itaque
628 182 730 220 haec
760 196 852 221 cum
882 196 906 220 a
939 187 983 220 te
1018 182 1212 221 divinitus
1242 196 1321 236 ego
1349 183 1460 223 dicta

250 255 483 300 arbitrarer,
505 253 550 292 P.
575 253 752 292 Rutilius
775 252 919 299 Rufus,
941 253 1063 291 homo
1085 253 1244 300 doctus,
1267 259 1312 293 et
1332 254 1461 306 philo-

249 324 416 376 sophiae
453 325 633 371 deditus,
669 338 752 363 non
786 324 908 363 modo
943 338 1089 376 parum
1123 325 1352 372 commode,
1387 325 1461 365 sed

250 399 377 435 etiam
395 399 573 447 turpiter
591 401 635 434 et
653 395 856 447 flagitiose
874 395 985 434 dieta
1004 409 1092 434 esse
1111 395 1288 435 dicebat.
1326 397 1462 436 Idem·

249 481 331 520 que
362 467 548 505 Servium
580 467 769 513 Galbam,
801 480 926 519 quem
956 466 1166 506 hominem
1194 468 1323 519 probe
1353 481 1462 507 com-

250 541 484 577 meminisse
540 551 584 577 se
640 539 793 584 aiebat,
848 541 1105 590 pergraviter
1158 538 1462 590 reprehendere

251 609 425 656 solebat,
454 609 565 661 quod
592 611 639 655 is,
670 609 717 647 L.
747 608 955 647 Scribonio
984 612 1270 661 quaestionem
1297 612 1339 648 in
1367 623 1463 650 eum

251 680 430 727 ferente,
482 680 623 732 populi
683 680 1002 719 misericordiam
1057 683 1317 727 concitasset,
1371 695 1464 720 cum

254 752 315 790 M.
338 751 457 797 Cato,
479 752 637 791 Galbae
666 754 800 804 gravis
830 757 957 803 atque
983 765 1076 790 acer
1098 754 1298 798 inimicus,
1320 766 1463 805 aspere

253 823 364 875 apud
386 822 584 874 populum
607 822 839 861 Romanum
863 828 908 861 et
930 822 1200 862 vehementer
1223 829 1334 862 esset
1355 823 1464 880 locuss

252 900 334 940 tus,
351 908 475 946 quam
492 896 721 932 orationem
739 896 782 932 in
801 893 1038 946 Originibus
1057 897 1139 932 suis
1155 897 1347 946 exposuit
1362 898 1462 947 ipse.

167 978 233 1011 228
304 964 654 1017 Reprehendebat
688 967 816 1017 igitur
850 965 1026 1003 Galbam
1062 964 1252 1012 Rutilius,
1287 966 1398 1018 quod
1430 969 1465 1006 is

251 1036 296 1074 C.
334 1036 499 1088 Sulpicii
531 1036 652 1082 Galli,
681 1038 899 1088 propinqui
928 1039 1004 1082 sui,
1035 1036 1237 1084 Quintum
1265 1037 1465 1089 pupillum

253 1107 380 1146 filium
413 1110 500 1159 ipse
534 1120 668 1158 paene
701 1110 745 1145 in
777 1106 969 1146 humeros
1003 1121 1096 1149 suos
1131 1108 1361 1155 extulisset,
1395 1111 1465 1161 qui

253 1181 382 1230 patris
423 1178 633 1216 clarissimi
675 1177 959 1216 recordatione
1001 1183 1046 1217 et
1083 1182 1282 1217 memoria
1320 1179 1465 1218 fletum

253 1249 405 1302 populo
436 1255 635 1295 moveret,
668 1254 712 1287 et
742 1249 844 1288 duos
876 1249 976 1287 filios
1007 1262 1100 1288 suos
1130 1263 1276 1301 parvos
1306 1250 1466 1290 tutelae

254 1320 395 1372 populi
423 1320 766 1366 commendasset,
795 1334 843 1359 ac
870 1333 929 1366 se,
957 1325 1157 1372 tanquam
1185 1323 1228 1359 in
1254 1324 1467 1373 procinctu

255 1397 556 1430 testamentum
577 1390 749 1437 faceret,
771 1394 858 1430 sine
879 1391 983 1430 libra
1004 1397 1131 1443 atque
1153 1392 1318 1438 tabulis,
1339 1406 1467 1444 popu-

257 1462 342 1501 lum
375 1462 606 1500 Romanum
639 1468 823 1501 tutorem
855 1465 1073 1501 instituere
1106 1462 1278 1502 dixisset
1307 1463 1467 1502 illorum

255 1534 436 1573 orbitati.
493 1533 642 1585 Itaque
669 1547 763 1572 cum
789 1539 834 1572 et
859 1533 1013 1571 invidia
1040 1539 1084 1572 et
1106 1533 1200 1572 odio
1218 1533 1359 1586 populi
1377 1540 1467 1574 tum

257 1604 391 1643 Galba
409 1610 682 1656 premeretur,
697 1603 758 1642 his
776 1617 941 1656 quoque
964 1617 1060 1642 eum
1079 1604 1303 1656 tragoediis
1322 1605 1468 1644 libera-

257 1681 347 1714 tum
378 1674 570 1720 ferebat3
615 1675 726 1727 quod
754 1677 856 1713 item
890 1675 1001 1726 apud
1034 1674 1237 1714 Catonem
1272 1678 1469 1728 scriptum

256 1759 344 1784 esse
366 1746 498 1792 video,
515 1745 523 1759 ‘
540 1748 615 1784 nisi
635 1748 773 1797 pueris
794 1751 838 1784 et
860 1745 1035 1784 lacrimis
1056 1759 1152 1784 usus
1173 1752 1297 1793 esset,
1315 1760 1470 1798 poenas

258 1830 352 1856 eum
373 1817 566 1855 daturum
586 1816 740 1855 fuisse.’
796 1816 911 1855 Haec
931 1816 1107 1855 Rutilius
1127 1817 1246 1856 valde
1265 1820 1471 1869 vitupera·

258 1889 346 1934 bat,
372 1893 416 1926 et
442 1887 536 1926 huic
561 1887 799 1933 humilitati,
827 1888 993 1926 dicebat
1023 1887 1088 1926 vel
1115 1888 1301 1927 exsilium
1331 1887 1470 1934 fuisse,

175 1985 242 2018 229
260 1959 324 1997 vel
347 1964 523 1998 mortem
548 1959 896 2011 anteponendam.
952 1958 1098 2011 Neque
1123 1972 1218 2000 vero
1241 1958 1317 1998 hoc
1339 1959 1470 1998 solum

261 2042 334 2078 162
