1560 2294
726 127 931 166 CICERO

221 233 415 282 omnique
443 234 529 269 acie
555 234 710 283 ingenii
735 231 1111 282 contemplantibus
1136 229 1362 269 ostendunt
1387 242 1431 268 se

222 303 267 336 et
282 303 499 336 occurrunt
515 310 524 343 ;
555 311 780 350 omnesque
797 300 1045 343 sententiae,
1059 298 1266 348 verbaque
1282 298 1432 341 omnia,

222 378 329 415 quae
364 370 460 403 sunt
498 367 694 417 cuiusque
728 367 891 417 generis
925 367 1104 403 maxime
1138 364 1323 410 illustria,
1357 363 1432 402 sub

223 445 396 470 acumen
415 432 498 470 stili
516 433 693 470 subeant
717 438 761 471 et
784 432 1007 470 succedant
1030 445 1198 470 necesse
1217 436 1310 477 est;
1342 436 1432 469 tum

222 501 311 549 ipsa
329 499 540 538 collocatio
559 498 910 551 conformatioque
930 499 1147 537 verborum
1164 498 1374 550 perficitur
1389 500 1432 535 in

223 566 451 612 scribendo,
471 580 554 605 non
573 569 751 618 poetico,
772 566 846 605 sed
866 566 1045 618 quodam
1065 568 1242 605 oratorio
1262 578 1432 604 numero

224 638 268 671 et
286 633 420 671 modo.

142 708 204 742 152
276 700 391 739 Haec
411 706 521 747 sunt,
540 714 647 753 quae
667 700 863 740 clamores
884 706 928 739 et
947 700 1238 739 admirationes
1256 702 1299 738 in
1317 700 1433 739 bonis

224 768 452 806 oratoribus
485 768 694 814 efficiunt3
740 781 877 820 neque
910 781 961 806 ea
993 771 1223 820 quisquam,
1255 770 1331 806 nisi
1363 767 1434 806 diu

223 835 483 887 multumque
501 838 756 887 scriptitarit,
775 838 936 874 etiamsi
954 835 1313 874 vehementissime
1331 848 1374 874 se
1391 837 1434 873 in

224 902 285 941 his
316 903 460 941 subitis
491 903 736 942 dictionibus
768 905 1012 949 exercuerit,
1043 908 1346 955 consequetur3
1390 907 1434 941 et

225 973 294 1021 qui
311 984 334 1007 a
351 970 553 1009 scribendi
569 970 866 1009 consuetudine
883 970 937 1009 ad
952 970 1172 1009 dicendum
1187 972 1314 1016 venit,
1329 968 1434 1008 hanc

225 1036 343 1076 affert
358 1037 615 1084 facultatem,
632 1043 693 1084 ut,
710 1041 838 1077 etiam
853 1038 989 1076 subito
1006 1040 1039 1077 si
1054 1037 1179 1084 dicat,
1195 1042 1337 1076 tamen
1351 1036 1434 1083 illa,

225 1119 331 1156 quae
367 1105 569 1151 dicantur,
605 1105 751 1144 similia
785 1108 1029 1156 scriptorum
1065 1118 1154 1143 esse
1189 1104 1434 1150 videantur3

225 1177 352 1223 atque
374 1175 514 1218 etiam,
535 1175 568 1210 si
589 1172 753 1224 quando
773 1175 816 1210 in
836 1172 1009 1211 dicendo
1030 1175 1227 1224 scriptum
1247 1171 1435 1211 attulerit

226 1239 393 1291 aliquid,
417 1253 511 1278 cum
538 1240 590 1278 ab
615 1253 664 1278 eo
688 1240 934 1286 discesserit,
957 1239 1116 1291 reliqua
1138 1239 1277 1278 similis
1304 1241 1433 1278 oratio

143 1317 207 1350 153
226 1312 512 1358 consequetur.
580 1307 641 1346 Ut
678 1309 884 1346 concitato
917 1309 1094 1359 navigio,
1127 1320 1221 1345 cum
1258 1309 1434 1359 remiges

226 1373 506 1420 inhibuerunt,
526 1377 681 1413 retinet
700 1380 843 1413 tamen
862 1377 951 1425 ipsa
970 1376 1084 1412 navis
1104 1379 1263 1412 motum
1284 1379 1328 1413 et
1347 1387 1435 1412 cur-

226 1455 317 1480 sum
348 1455 481 1487 suum,
511 1444 743 1480 intermisso
777 1444 938 1493 impetu
967 1441 1171 1493 pulsuque
1201 1454 1435 1480 remorum:

227 1512 283 1547 sic
325 1512 366 1546 in
413 1511 598 1547 oratione
641 1514 858 1560 perpetua,
895 1522 989 1547 cum
1032 1511 1184 1560 scripta
1225 1508 1435 1555 deficiunt,

227 1589 368 1627 parem
398 1582 541 1614 tamen
570 1577 733 1614 obtinet
762 1578 893 1614 oratio
922 1575 1080 1627 reliqua
1109 1589 1285 1622 cursum,
1314 1578 1436 1627 scrip-

226 1649 362 1681 torum
381 1643 647 1682 similitudine
667 1648 712 1682 et
730 1645 769 1681 vi
787 1645 1005 1682 concitata.

144 1720 207 1753 154
278 1710 469 1748 XXXIV.
500 1710 549 1747 In
577 1710 825 1762 quotidianis
853 1715 994 1748 autem
1022 1710 1435 1748 commentationibus

228 1776 420 1827 equidem
465 1775 564 1813 mihi
609 1775 938 1814 adolescentulus
981 1788 1210 1826 proponere
1254 1775 1435 1814 solebam

227 1842 338 1880 illam
378 1845 718 1880 exercitationem
755 1844 949 1888 maxime,
988 1855 1070 1894 qua
1107 1841 1152 1880 C.
1192 1841 1436 1888 Carbonem,

228 1914 413 1947 nostrum
431 1909 545 1947 illum
564 1911 787 1955 inimicum,
805 1908 971 1947 solitum
990 1921 1079 1946 esse
1099 1911 1160 1946 uti
1179 1909 1372 1955 sciebam,
1390 1914 1438 1948 ut

229 1981 302 2014 aut
327 1976 509 2014 versibus
535 1978 753 2027 propositis
779 1989 904 2028 quam
929 1977 1109 2013 maxime
1134 1975 1340 2026 gravibus,
1365 1981 1438 2014 aut

232 2077 306 2112 104
