1560 2294
746 113 950 154 CICERO

243 216 400 264 audies,
419 216 567 256 Catule
586 231 596 256 ε
634 231 797 269 semper
817 231 895 270 ego
919 220 1149 257 existimavi
1171 217 1450 258 iucundiorem

242 285 287 318 et
327 280 642 331 probabiliorem
679 279 774 318 huic
810 280 961 332 populo
999 286 1204 319 oratorem
1243 279 1346 328 fore,
1379 283 1449 334 qui

241 345 419 394 primum
460 356 584 395 quam
624 345 837 381 minimam
875 343 1034 382 artificii
1078 343 1260 390 alicuius,
1299 343 1449 383 deinde

242 404 396 445 nullam
412 405 663 444 Graecarum
681 419 819 444 rerum
831 406 1171 458 significationem
1186 405 1317 445 daret.
1374 406 1450 445 At-

243 481 323 519 que
348 481 426 520 ego
449 468 560 507 idem
585 470 816 507 existimavi
841 468 1010 520 pecudis
1034 481 1138 514 esse,
1157 482 1240 507 non
1261 467 1450 515 hominis,

242 544 335 569 cum
373 536 512 569 tantas
549 544 615 569 res
658 530 805 569 Graeci
842 534 1111 582 susciperent,
1143 531 1450 582 profiterentur,

242 598 417 645 agerent
458 606 631 645 seseque
671 599 715 632 et
751 594 916 632 videndi
955 607 1020 632 res
1061 594 1364 632 obscurissimas
1405 599 1451 633 et

242 656 350 694 bene
383 656 546 695 vivendi
579 661 624 694 et
656 659 818 707 copiose
853 656 1015 695 dicendi
1047 659 1250 695 rationem
1282 656 1450 696 daturos

242 717 472 757 hominibus
507 718 810 770 pollicerentur,
845 732 927 758 non
958 718 1176 758 admovere
1216 732 1357 758 aurem
1392 724 1450 765 et,

242 784 275 819 si
296 781 433 833 palam
456 781 596 820 audire
624 795 693 820 eos
719 795 802 820 non
825 781 1012 828 auderes,
1034 795 1086 820 ne
1109 784 1314 820 minueres
1340 781 1451 834 apud

242 849 335 882 tuos
355 846 462 883 cives
484 846 775 882 auctoritatem
790 850 920 890 tuam,
941 843 1286 883 subauscultando
1308 849 1450 883 tamen

242 909 431 959 excipere
461 920 580 945 voces
610 920 751 945 eorum
781 913 826 946 et
853 907 993 959 procul
1019 907 1118 959 quid
1146 912 1360 946 narrarent
1388 912 1450 946 at-

240 969 426 1008 tendere.
483 969 632 1021 Itaque
665 968 759 1016 feci,
788 969 950 1016 Catule,
984 975 1028 1008 et
1060 972 1231 1009 istorum
1267 972 1449 1008 omnium

242 1035 479 1071 summatim
499 1045 640 1070 causas
661 1037 706 1071 et
724 1045 880 1084 genera
898 1034 987 1083 ipsa
1005 1035 1180 1084 gustavi.

157 1110 220 1143 154
291 1094 506 1132 XXXVII.
542 1094 672 1133 Valde
706 1094 886 1141 hercule,
919 1097 1054 1146 inquit
1087 1094 1272 1141 Catulus,
1305 1095 1449 1134 timide

240 1163 455 1208 tamquam
490 1157 543 1195 ad
577 1157 756 1209 aliquem
789 1157 966 1196 libidinis
1000 1157 1211 1209 scopulum
1244 1160 1301 1196 sic
1334 1163 1450 1196 tuam

240 1225 426 1258 mentem
443 1219 496 1258 ad
510 1219 809 1271 philosophiam
826 1219 1033 1271 appulisti,
1050 1233 1174 1272 quam
1190 1219 1292 1258 haec
1308 1222 1449 1259 civitas

241 1288 461 1333 aspernata
487 1295 713 1334 numquam
740 1287 816 1321 est.
875 1282 982 1321 Nam
1006 1288 1051 1321 et
1069 1281 1223 1321 referta
1242 1282 1450 1335 quondam

243 1344 364 1383 Italia
401 1344 755 1397 Pythagoreorum
785 1343 866 1383 fuit
902 1350 1007 1391 tum,
1037 1359 1130 1384 cum
1169 1351 1258 1384 erat
1294 1347 1337 1384 in
1373 1345 1450 1385 hac

241 1412 369 1459 gente
399 1420 552 1459 magna
581 1407 650 1445 illa
682 1407 884 1453 Graecia;
930 1420 981 1446 ex
1013 1421 1094 1460 quo
1126 1410 1252 1446 etiam
1283 1407 1450 1460 quidam

242 1469 421 1508 Numam
452 1470 711 1521 Pompilium,
740 1483 883 1522 regem
913 1476 1113 1516 nostrum,
1142 1469 1266 1509 fuisse
1298 1470 1450 1524 Pytha-

240 1545 411 1584 goreum
431 1531 571 1571 ferunt
589 1545 600 1578 ;
635 1535 705 1584 qui
725 1535 840 1571 annis
862 1538 959 1571 ante
979 1532 1194 1584 permultis
1219 1531 1299 1572 fuit
1325 1546 1448 1585 quam

239 1597 326 1646 ipse
348 1594 603 1647 Pythagoras
623 1607 633 1641 ;
667 1609 748 1646 quo
769 1598 895 1634 etiam
913 1598 1043 1634 maior
1061 1597 1120 1634 vir
1138 1595 1351 1635 habendus
1371 1601 1448 1642 est,

240 1657 351 1709 quod
370 1657 480 1696 illam
500 1660 745 1709 sapientiam
766 1658 1079 1696 constituendae
1099 1660 1275 1696 civitatis
1291 1658 1448 1697 duobus

240 1733 367 1771 prope
382 1720 553 1758 saeculis
568 1725 666 1758 ante
681 1723 886 1772 cognovit,
901 1734 1025 1772 quam
1040 1733 1132 1759 eam
1148 1720 1294 1759 Graeci
1307 1726 1449 1759 natam

242 1796 330 1820 esse
353 1788 583 1822 senserunt.
641 1782 696 1821 Et
718 1789 831 1821 certe
847 1796 929 1821 non
949 1783 1045 1821 tulit
1065 1782 1166 1821 ullos
1185 1782 1288 1822 haec
1306 1785 1448 1822 civitas

241 1851 314 1883 aut
351 1845 479 1898 gloria
517 1845 704 1883 clariores
747 1851 820 1884 aut
859 1848 1106 1884 auctoritate
1138 1848 1343 1898 graviores
1375 1851 1448 1884 aut

242 1907 500 1946 humanitate
544 1907 752 1959 politiores
799 1907 843 1946 P.
880 1907 1087 1954 Africano,
1126 1907 1170 1947 C.
1207 1907 1362 1954 Laelio,
1398 1907 1446 1947 L.

243 1970 377 2016 Furio,
404 1972 474 2022 qui
501 1983 639 2008 secum
667 1971 960 2009 eruditissimos
986 1970 1170 2009 homines
1197 1983 1249 2009 ex
1277 1969 1449 2009 Graecia

239 2072 315 2107 808
