1560 2294
751 110 956 151 CICERO

247 213 427 265 denique
462 213 594 260 affert,
624 215 689 253 vel
724 215 934 255 auditione
969 222 1014 255 et
1051 220 1316 270 cogitatione,
1350 233 1457 272 quae

247 278 384 317 studio
410 284 454 318 et
478 279 693 332 diligentia
716 284 943 332 praecurrit
968 288 1165 322 aetatem.
1221 284 1328 324 Nam
1352 287 1386 324 si
1409 290 1457 325 tu

247 343 346 382 mihi
365 348 549 396 quamvis
569 346 777 385 eruditum
794 346 1003 386 hominem
1022 348 1255 396 adduxeris,
1273 353 1457 402 quamvis

247 422 383 448 acrem
421 416 465 449 et
502 417 669 449 acutum
706 414 749 449 in
785 413 1019 465 cogitando,
1056 417 1240 466 quamvis
1278 415 1332 455 ad
1366 430 1458 468 pro-

246 476 521 515 nuntiandum
541 477 798 528 expeditum,
818 480 851 516 si
871 481 950 517 erit
969 479 1080 518 idem
1099 482 1142 518 in
1161 482 1457 521 consuetudine

245 543 437 587 civitatis,
470 544 513 580 in
548 543 761 594 exemplis,
795 546 838 582 in
871 546 1086 591 institutis,
1119 547 1163 584 in
1196 547 1376 586 moribus
1410 561 1457 587 ac

247 606 526 646 voluntatibus
553 610 701 647 civium
728 622 893 648 suorum
919 609 1082 662 hospeS,
1108 624 1191 650 non
1216 612 1394 652 multum
1420 616 1459 652 ei

246 671 322 710 loci
342 672 568 724 proderunt
587 673 659 720 illi,
680 687 732 712 ex
756 675 903 727 quibus
930 682 1176 728 argumenta
1200 684 1456 729 promuntur.

246 737 425 777 Subacto
453 738 554 777 mihi
582 742 747 791 ingenio
778 754 879 792 opus
910 747 987 787 est,
1017 747 1064 780 ut
1093 755 1191 795 agro
1220 757 1303 782 non
1330 744 1458 784 semel

246 809 376 850 arato,
400 804 474 843 sed
501 809 559 843 et1
586 811 736 844 novato
764 811 808 844 et
833 808 999 853 iterato,
1025 821 1107 859 quo
1133 808 1321 848 meliores
1346 808 1457 849 fetus

245 872 374 922 possit
389 875 433 908 et
446 870 684 922 grandiores
704 871 840 910 edere.
898 872 1091 912 Subactio
1108 879 1249 913 autem
1268 880 1333 914 est
1347 889 1457 922 usus,

246 935 416 981 auditio,
434 935 571 982 lectio,
589 936 768 975 litterae.

163 1014 227 1048 132
298 1001 360 1040 Ac
373 1004 551 1052 primum
566 1007 757 1041 naturam
769 1016 917 1042 causae
936 1003 1089 1051 videat,
1105 1018 1212 1057 quae
1230 1019 1456 1059 numquam

247 1067 365 1113 latet,
393 1065 604 1106 factumne
630 1070 684 1106 sit
707 1074 943 1120 quaeratur,
962 1083 1015 1108 an
1038 1070 1159 1122 quale
1179 1073 1247 1118 sit,
1267 1085 1320 1110 an
1345 1073 1456 1125 quod

245 1146 397 1172 nomen
449 1132 631 1179 habeat;
694 1147 775 1185 quo
821 1141 1039 1186 perspecto
1093 1139 1234 1175 statim
1281 1141 1455 1178 occurrit

246 1198 422 1238 naturali
447 1199 626 1250 quadam
650 1199 884 1250 prudentia,
909 1214 992 1239 non
1016 1200 1078 1239 his
1103 1202 1454 1251 subductionibus‚

246 1278 347 1317 quas
381 1266 449 1302 isti
483 1264 647 1310 docent,
682 1264 782 1316 quid
813 1264 940 1304 faciat
973 1279 1152 1313 causam,
1184 1267 1229 1306 id
1262 1274 1339 1315 est,
1373 1283 1455 1322 quo

246 1330 408 1369 sublato
437 1332 712 1368 controversia
741 1335 850 1369 stare
875 1344 958 1370 non
981 1334 1138 1383 possit3
1177 1333 1327 1373 deinde
1356 1335 1455 1387 quid

247 1398 386 1435 veniat
418 1398 461 1434 in
493 1395 702 1442 iudicium,
733 1396 844 1448 quod
876 1399 944 1436 isti
974 1400 1030 1436 sic
1063 1398 1209 1437 iubent
1241 1413 1453 1452 quaerere.

246 1461 256 1477 ⁸
273 1460 488 1500 Interfecit
508 1460 695 1512 Opimius
716 1461 959 1502 Gracchum.
1011 1462 1122 1512 Quid
1140 1463 1240 1504 facit
1259 1467 1454 1506 causam?

245 1527 366 1576 Quod
386 1529 446 1565 rei
465 1526 653 1578 publicae
673 1540 809 1573 causa,
824 1541 918 1567 cum
937 1541 990 1567 ex
1010 1534 1177 1568 senatus
1197 1531 1382 1571 consulto
1401 1532 1455 1571 ad

246 1607 360 1632 arma
391 1597 587 1631 vocasset.
643 1592 734 1631 Hoc
765 1592 878 1640 tolle,
910 1607 1032 1632 causa
1063 1608 1145 1634 non
1177 1598 1268 1635 erit.
1323 1596 1382 1636 At
1412 1597 1455 1637 id

245 1662 379 1711 ipsum
411 1663 539 1711 negat
571 1663 713 1697 contra
745 1658 858 1711 leges
890 1658 1050 1698 licuisse
1084 1660 1248 1700 Decius.
1304 1661 1455 1703 Veniet

245 1727 371 1777 igitur
409 1726 451 1762 in
491 1723 684 1762 iudicium
717 1723 932 1763 licueritne
972 1738 1024 1764 ex
1064 1731 1232 1765 senatus
1269 1727 1455 1768 consulto

245 1789 469 1829 servandae
489 1791 549 1827 rei
577 1789 764 1840 publicae
789 1789 939 1828 causa.’
993 1789 1213 1843 Perspicua
1235 1797 1333 1832 sunt
1350 1792 1454 1833 haec

244 1855 412 1908 quidem
438 1860 482 1894 et
505 1857 547 1892 in
572 1854 725 1906 volgari
749 1855 969 1906 prudentia
993 1858 1072 1894 sita
1090 1869 1101 1902 3
1139 1857 1213 1896 sed
1236 1857 1305 1896 illa
1328 1871 1453 1911 quae-

521 1957 535 1978 ¹
557 1960 593 1991 et
607 1958 692 1991 add.
708 1958 802 1992 Reid
813 1971 829 2000 ,·
854 1958 999 2002 [novato
1015 1959 1064 2003 et]
1080 1960 1159 1994 alii.

243 2064 320 2106 292
