1560 2294
760 89 964 129 CICERO

256 207 453 247 magnum
485 199 578 241 est;
611 193 906 246 hortemurque
940 196 1078 246 potius
1111 194 1260 233 liberos
1294 199 1467 242 nostros,

257 271 514 317 ceterosque,
535 279 708 317 quorum
728 265 857 317 gloria
876 266 992 304 nobis
1014 271 1058 304 et
1077 266 1256 318 dignitas
1276 279 1371 304 cara
1390 271 1468 314 est,

258 342 306 375 ut
324 339 460 375 animo
478 339 539 375 rei
557 337 887 389 magnitudinem
902 337 1243 388 complectantur,
1258 350 1394 389 neque
1409 339 1468 376 eis

258 414 331 446 aut
359 410 606 459 praeceptis,
636 413 710 446 aut
737 410 958 460 magistris,
989 413 1062 447 aut
1091 408 1467 455 exercitationibus,

257 480 405 531 quibus
436 484 610 518 utuntur
640 492 796 525 omnes,
827 479 901 518 sed
931 479 1018 517 aliis
1048 479 1307 531 quibusdam,
1337 492 1382 518 se
1410 479 1467 526 id,

258 550 369 602 quod
388 556 606 602 expetunt,
626 553 820 602 consequi
838 564 957 602 posse
977 550 1197 589 confidant.

195 629 239 662 20
308 621 380 660 VI.
410 622 486 668 Ac,
507 635 602 660 mea
624 622 791 673 quidem
813 624 1036 668 sententia,
1058 635 1180 660 nemo
1201 624 1357 674 poterit
1378 635 1467 661 esse

257 696 368 732 omni
385 693 507 731 laude
525 693 756 732 cumulatus
774 698 925 739 orator,
941 695 1017 731 nisi
1036 695 1114 731 erit
1131 696 1313 731 omnium
1330 706 1466 732 rerum

258 778 502 817 magnarum
556 770 684 816 atque
739 767 889 802 artium
943 767 1157 803 scientiam
1211 770 1466 804 consecutus.

259 836 427 874 Etenim
455 849 506 874 ex
533 849 671 874 rerum
696 838 931 888 cognitione
955 835 1182 874 efflorescat
1201 841 1246 874 et
1262 835 1468 875 redundet

260 912 426 958 oportet
463 910 594 946 oratio
613 920 622 953 3
666 920 788 959 quae,
816 909 894 945 nisi
932 907 1075 945 subest
1110 920 1176 946 res
1215 907 1268 945 ab
1305 913 1467 946 oratore

258 984 456 1030 percepta
480 984 524 1017 et
547 981 726 1030 cognita,
749 981 915 1017 inanem
939 978 1161 1030 quamdam
1183 977 1312 1017 habet
1336 978 1468 1018 elocu-

197 1057 238 1090 21
259 1052 429 1096 tionem,
463 1055 507 1088 et
538 1063 672 1101 paene
704 1049 917 1101 puerilem.
973 1049 1120 1101 Neque
1152 1062 1248 1088 vero
1282 1063 1360 1102 ego
1391 1049 1468 1089 hoc

259 1126 424 1159 tantum
438 1123 572 1159 oneris
586 1123 794 1172 imponam
808 1123 956 1159 nostris
970 1123 1213 1172 praesertim
1225 1121 1467 1167 oratoribus,

259 1194 301 1230 in
326 1191 403 1230 hac
428 1198 548 1230 tanta
572 1194 841 1244 occupatione
866 1192 977 1231 urbis
1003 1205 1050 1231 ac
1069 1195 1194 1238 vitae,
1213 1191 1313 1230 nihil
1338 1198 1385 1231 ut
1409 1195 1468 1232 eis

259 1268 405 1315 putem
435 1263 558 1302 licere
588 1266 774 1302 nescire:
820 1277 1056 1315 quanquam
1087 1265 1146 1302 vis
1176 1266 1347 1302 oratoris
1377 1277 1468 1315 pro·

259 1334 464 1386 sessioque
482 1337 571 1386 ipsa
588 1335 695 1373 bene
714 1334 891 1380 dicendi,
906 1334 982 1372 hoc
1000 1337 1205 1386 suscipere
1224 1347 1271 1373 ac
1287 1334 1468 1386 polliceri

261 1406 437 1452 videtur,
455 1411 502 1444 ut
521 1408 632 1444 omni
651 1406 704 1444 de
723 1419 782 1452 re,
800 1419 1084 1458 quaecumque
1104 1408 1158 1444 sit
1176 1408 1399 1457 proposita,
1415 1406 1468 1445 ab

195 1484 239 1516 22
259 1491 308 1515 eo
330 1483 475 1516 ornate
496 1479 741 1529 copioseque
762 1477 933 1516 dicatur.
989 1476 1071 1516 Sed
1091 1479 1188 1529 quia
1207 1490 1289 1516 non
1309 1477 1468 1524 dubito,

259 1551 358 1599 quin
377 1548 454 1587 hoc
471 1548 677 1600 plerisque
695 1551 941 1587 immensum
959 1548 1247 1600 infinitumque
1266 1548 1468 1595 videatur,

261 1625 305 1658 et
343 1619 453 1671 quod
492 1619 670 1658 Graecos
708 1619 893 1658 homines
931 1633 1014 1658 non
1051 1619 1182 1658 solum
1219 1622 1385 1672 ingenio
1423 1623 1468 1658 et

259 1690 460 1737 doctrina,
505 1690 579 1729 sed
625 1693 752 1730 etiam
797 1693 882 1729 otio
928 1690 1147 1742 studioque
1193 1690 1467 1737 abundantes,

259 1764 525 1812 partitionem
542 1762 764 1814 quamdam
787 1764 937 1800 artium
958 1760 1103 1800 fecisse
1126 1761 1259 1808 video,
1274 1774 1410 1813 neque
1424 1763 1466 1800 in

261 1835 448 1871 universo
476 1846 629 1884 genere
658 1832 837 1885 singulos
866 1832 1110 1878 elaborasse,
1138 1832 1212 1871 sed
1239 1835 1467 1884 seposuisse

260 1916 285 1941 a
314 1906 462 1942 ceteris
492 1903 737 1942 dictionibus
768 1916 860 1942 eam
890 1909 1052 1955 partem
1082 1903 1258 1949 dicendi,
1288 1916 1395 1955 quae
1424 1906 1467 1942 in

260 1972 487 2012 forensibus
509 1974 874 2026 disceptationibus
897 1974 1151 2022 iudiciorum,
1173 1979 1246 2013 aut
1267 1974 1467 2013 delibera·

262 2051 310 2086 16
