1560 2294
742 94 946 133 CICERO

289 197 484 237 XLVIII.
550 197 866 249 Deprehensum
927 198 1120 250 equidem
1174 211 1256 244 me,
1313 199 1448 249 inquit

237 263 456 309 Antonius,
477 263 600 314 plane
622 264 741 302 video
764 269 890 315 atque
912 266 1060 310 sentio,
1082 277 1164 302 non
1185 263 1315 302 solum
1336 262 1447 315 quod

235 341 287 367 ea
318 332 583 380 requiruntur
617 342 641 367 a
673 342 755 375 me,
789 343 963 381 quorum
996 342 1087 367 sum
1119 331 1285 381 ignarus
1318 334 1446 381 atque

235 394 426 440 insolens,
447 395 520 432 sed
541 397 651 446 quia,
673 394 784 446 quod
802 397 845 432 in
866 397 996 433 causis
1017 394 1135 433 valde
1155 393 1301 447 fugere
1321 393 1446 440 soleo,

235 473 287 498 ne
308 460 398 506 tibi,
419 460 578 506 Crasse,
598 460 830 506 succedam,
849 460 893 498 id
911 473 978 498 me
998 473 1107 498 nunc
1125 462 1195 498 isti
1214 462 1344 498 vitare
1363 473 1446 498 non

152 534 216 567 208
235 528 386 564 sinunt.
442 525 596 564 Verum
630 525 707 564 hoc
741 526 948 578 ingrediar
982 525 1036 564 ad
1070 538 1133 572 ea,
1168 538 1275 577 quae
1309 516 1452 571 vultis,

236 591 443 637 audacius,
469 591 580 643 quod
604 591 715 629 idem
740 591 840 629 mihi
865 604 984 643 spero
1010 604 1086 629 usu
1112 604 1201 630 esse
1226 596 1445 629 venturum

234 658 277 695 in
300 655 377 695 hac
401 657 696 708 disputatione,
721 657 832 709 quod
855 659 898 695 in
922 657 1095 695 dicendo
1120 656 1239 702 solet,
1263 662 1312 695 ut
1334 655 1446 694 nulla

235 728 501 774 exspectetur
518 728 664 761 ornata
682 725 825 761 oratio.
881 722 1028 774 Neque
1048 725 1157 760 enim
1175 736 1267 760 sum
1284 721 1336 761 de
1355 727 1444 760 arte

234 788 431 834 dicturus,
465 801 589 840 quam
622 802 834 840 nunquam
866 788 1003 834 didici,
1035 788 1110 827 sed
1141 788 1193 827 de
1225 801 1320 826 mea
1351 801 1445 826 con-

234 853 453 892 suetudine
473 866 483 899 ;
538 856 709 906 ipsaque
750 853 832 899 illa,
874 867 981 906 quae
1021 855 1065 891 in
1105 855 1444 892 commentarium

232 933 372 958 meum
386 919 544 965 rettuli,
559 925 656 958 sunt
671 919 884 965 eiusmodi,
897 933 980 958 non
995 919 1131 971 aliqua
1145 918 1245 958 mihi
1259 919 1445 958 doctrina

233 985 401 1031 tradita,
426 985 500 1023 sed
522 987 566 1022 in
588 999 726 1023 rerum
750 999 827 1023 usu
851 988 1065 1037 causisque
1090 990 1270 1024 tractata
1289 999 1298 1024 ε
1337 997 1444 1036 quae

231 1053 265 1088 si
294 1051 421 1096 vobis,
450 1050 682 1089 hominibus
712 1050 1009 1096 eruditissimis,
1037 1064 1119 1089 non
1146 1050 1444 1102 probabuntur,

232 1121 411 1154 vestram
432 1118 697 1167 iniquitatem
719 1121 970 1162 accusatote,
992 1118 1063 1168 qui
1085 1129 1137 1154 ex
1157 1129 1226 1154 me
1248 1129 1298 1155 ea
1319 1129 1443 1168 quae-

231 1183 394 1227 sieritis,
412 1194 518 1233 quae
537 1195 615 1233 ego
631 1184 831 1220 nescirem
850 1194 860 1227 ;
891 1195 1029 1220 meam
1044 1180 1288 1220 facilitatem
1303 1181 1443 1220 lauda-

230 1252 336 1292 tote,
365 1260 458 1285 cum
479 1247 606 1292 vobis,
627 1260 710 1285 non
732 1260 827 1285 meo
855 1247 1018 1293 iudicio,
1039 1247 1113 1286 sed
1141 1252 1278 1286 vestro
1306 1247 1442 1286 studio

231 1312 437 1358 inductus,
456 1325 539 1350 non
557 1318 728 1364 gravate
747 1312 1008 1363 respondero.

149 1389 214 1423 209
282 1377 388 1415 Tum
408 1377 602 1416 Crassus:
636 1377 768 1430 Perge
792 1378 929 1423 modo,
949 1380 1098 1430 inquit,
1117 1378 1286 1416 Antoni.
1345 1378 1444 1417 Nul-

232 1443 316 1481 lum
346 1448 410 1481 est
438 1445 548 1481 enim
576 1443 817 1494 periculum,
846 1457 898 1482 ne
928 1443 1028 1495 quid
1055 1449 1103 1482 tu
1132 1443 1339 1496 eloquare,
1367 1446 1443 1482 nisi

231 1511 291 1547 ita
323 1508 564 1560 prudenter,
598 1514 647 1547 ut
680 1511 888 1547 neminem
922 1514 1108 1547 nostrum
1141 1511 1357 1560 poeniteat
1389 1509 1443 1548 ad

231 1573 339 1612 hunc
358 1579 402 1612 te
421 1587 653 1612 sermonem
671 1574 892 1625 impulisse.

283 1639 373 1691 Ego
401 1652 511 1685 vero,
538 1642 686 1691 inquit,
713 1653 884 1692 pergam
904 1653 913 1678 t
945 1644 990 1678 et
1015 1639 1059 1678 id
1080 1638 1243 1686 faciam,
1266 1639 1377 1692 quod
1398 1642 1441 1679 in

230 1707 428 1756 principio
461 1704 548 1743 fieri
578 1707 622 1742 in
653 1705 841 1743 omnibus
873 1705 1220 1756 disputationibus
1250 1710 1440 1757 oportere

231 1782 408 1808 censeo:
453 1775 514 1816 ut,
545 1770 644 1822 quid
672 1770 773 1808 illud
802 1773 869 1816 sit,
900 1770 952 1808 de
983 1783 1064 1822 quo
1094 1770 1342 1821 disputetur,
1372 1783 1442 1810 ex—

231 1834 437 1886 planetur,
467 1848 520 1873 ne
550 1838 688 1887 vagari
718 1841 762 1874 et
791 1849 926 1874 errare
956 1841 1127 1887 cogatur
1155 1838 1300 1882 oratio,
1327 1838 1361 1874 si
1389 1839 1442 1882 ei,

231 1902 301 1951 qui
330 1902 438 1938 inter
467 1913 510 1938 se
542 1900 823 1946 dissenserint,
850 1914 931 1939 non
962 1900 1073 1939 idem
1104 1914 1193 1939 esse
1223 1900 1338 1946 illud,
1360 1915 1441 1954 quo

230 1965 284 2003 de
305 1968 454 2017 agitur,
473 1965 731 2018 intellegant.

234 2051 306 2086 146
