<?xml version="1.0" encoding="UTF-8"?>
<!DOCTYPE html PUBLIC "-//W3C//DTD XHTML 1.0 Transitional//EN"
    "http://www.w3.org/TR/xhtml1/DTD/xhtml1-transitional.dtd">
<html xmlns="http://www.w3.org/1999/xhtml" xml:lang="en" lang="en">
 <head>
  <title>
</title>
<meta http-equiv="Content-Type" content="text/html;charset=utf-8" />
  <meta name='ocr-system' content='tesseract 3.04.00' />
  <meta name='ocr-capabilities' content='ocr_page ocr_carea ocr_par ocr_line ocrx_word'/>
</head>
<body>
  <div class='ocr_page' id='page_1' title='image "./cicerodeoratore01ciceuoft_0376.png"; bbox 0 0 1560 2294; ppageno 0'>
   <div class='ocr_carea' id='block_1_1' title="bbox 741 125 945 164">
    <p class='ocr_par' dir='ltr' id='par_1_1' title="bbox 741 125 945 164">
     <span class='ocr_line' id='line_1_1' title="bbox 741 125 945 164; baseline 0.005 -1"><span class='ocrx_word' id='word_1_1' title='bbox 741 125 945 164; x_wconf 90' lang='lat' dir='ltr'>CICERO</span> 
     </span>
    </p>
   </div>
   <div class='ocr_carea' id='block_1_2' title="bbox 149 226 1449 1836">
    <p class='ocr_par' dir='ltr' id='par_1_2' title="bbox 237 226 1449 333">
     <span class='ocr_line' id='line_1_2' title="bbox 238 226 1449 283; baseline 0.005 -18"><span class='ocrx_word' id='word_1_2' title='bbox 238 226 289 275; x_wconf 84' lang='lat' dir='ltr'>Q.</span> <span class='ocrx_word' id='word_1_3' title='bbox 310 226 527 279; x_wconf 87' lang='lat' dir='ltr'>Caepionis</span> <span class='ocrx_word' id='word_1_4' title='bbox 550 227 704 274; x_wconf 91' lang='lat' dir='ltr'>odium,</span> <span class='ocrx_word' id='word_1_5' title='bbox 724 242 750 268; x_wconf 88' lang='lat' dir='ltr'>a</span> <span class='ocrx_word' id='word_1_6' title='bbox 768 242 850 281; x_wconf 94' lang='lat' dir='ltr'>quo</span> <span class='ocrx_word' id='word_1_7' title='bbox 871 235 990 268; x_wconf 88' lang='lat' dir='ltr'>erant</span> <span class='ocrx_word' id='word_1_8' title='bbox 1008 232 1085 282; x_wconf 91' lang='lat' dir='ltr'>ipsi</span> <span class='ocrx_word' id='word_1_9' title='bbox 1107 236 1278 283; x_wconf 88' lang='lat' dir='ltr'>propter</span> <span class='ocrx_word' id='word_1_10' title='bbox 1299 231 1449 271; x_wconf 83' lang='lat' dir='ltr'>iudicia</span> 
     </span>
     <span class='ocr_line' id='line_1_3' title="bbox 237 286 754 333; baseline 0.006 -9"><span class='ocrx_word' id='word_1_11' title='bbox 237 286 474 333; x_wconf 88' lang='lat' dir='ltr'>abalienati,</span> <span class='ocrx_word' id='word_1_12' title='bbox 493 288 754 327; x_wconf 88' lang='lat' dir='ltr'><strong>renovabam.</strong></span> 
     </span>
    </p>

    <p class='ocr_par' dir='ltr' id='par_1_3' title="bbox 153 346 1448 1237">
     <span class='ocr_line' id='line_1_4' title="bbox 153 346 1447 400; baseline 0.006 -17"><span class='ocrx_word' id='word_1_13' title='bbox 153 355 218 389; x_wconf 84' lang='lat'>200</span> <span class='ocrx_word' id='word_1_14' title='bbox 287 346 440 385; x_wconf 90' lang='lat' dir='ltr'><strong>XLIX.</strong></span> <span class='ocrx_word' id='word_1_15' title='bbox 470 346 591 395; x_wconf 83' lang='lat' dir='ltr'>Quod</span> <span class='ocrx_word' id='word_1_16' title='bbox 625 348 696 386; x_wconf 93' lang='lat' dir='ltr'>ubi</span> <span class='ocrx_word' id='word_1_17' title='bbox 725 350 833 387; x_wconf 90' lang='lat' dir='ltr'>sensi</span> <span class='ocrx_word' id='word_1_18' title='bbox 861 361 929 387; x_wconf 92' lang='lat' dir='ltr'>me</span> <span class='ocrx_word' id='word_1_19' title='bbox 957 350 1001 387; x_wconf 91' lang='lat' dir='ltr'>in</span> <span class='ocrx_word' id='word_1_20' title='bbox 1027 353 1282 400; x_wconf 85' lang='lat' dir='ltr'>possessione</span> <span class='ocrx_word' id='word_1_21' title='bbox 1309 350 1447 390; x_wconf 89' lang='lat' dir='ltr'>iudicii</span> 
     </span>
     <span class='ocr_line' id='line_1_5' title="bbox 236 405 1447 462; baseline 0.006 -18"><span class='ocrx_word' id='word_1_22' title='bbox 236 419 284 445; x_wconf 91' lang='lat' dir='ltr'>ac</span> <span class='ocrx_word' id='word_1_23' title='bbox 302 405 550 445; x_wconf 89' lang='lat' dir='ltr'>defensionis</span> <span class='ocrx_word' id='word_1_24' title='bbox 569 420 688 446; x_wconf 91' lang='lat' dir='ltr'>meae</span> <span class='ocrx_word' id='word_1_25' title='bbox 708 411 953 454; x_wconf 76' lang='lat' dir='ltr'>constitisse,</span> <span class='ocrx_word' id='word_1_26' title='bbox 972 409 1084 460; x_wconf 93' lang='lat' dir='ltr'>quod</span> <span class='ocrx_word' id='word_1_27' title='bbox 1102 415 1147 449; x_wconf 88' lang='lat' dir='ltr'>et</span> <span class='ocrx_word' id='word_1_28' title='bbox 1163 410 1304 462; x_wconf 91' lang='lat' dir='ltr'>populi</span> <span class='ocrx_word' id='word_1_29' title='bbox 1321 411 1447 450; x_wconf 85' lang='lat' dir='ltr'>bene-</span> 
     </span>
     <span class='ocr_line' id='line_1_6' title="bbox 235 466 1447 514; baseline 0.006 -10"><span class='ocrx_word' id='word_1_30' title='bbox 235 466 459 505; x_wconf 84' lang='lat' dir='ltr'>volentiam</span> <span class='ocrx_word' id='word_1_31' title='bbox 496 466 597 505; x_wconf 86' lang='lat' dir='ltr'>mihi</span> <span class='ocrx_word' id='word_1_32' title='bbox 634 467 906 514; x_wconf 87' lang='lat' dir='ltr'>conciliaram,</span> <span class='ocrx_word' id='word_1_33' title='bbox 942 471 1056 508; x_wconf 90' lang='lat' dir='ltr'>cuius</span> <span class='ocrx_word' id='word_1_34' title='bbox 1092 472 1154 508; x_wconf 91' lang='lat' dir='ltr'>ius</span> <span class='ocrx_word' id='word_1_35' title='bbox 1191 473 1318 510; x_wconf 89' lang='lat' dir='ltr'>etiam</span> <span class='ocrx_word' id='word_1_36' title='bbox 1353 485 1447 510; x_wconf 93' lang='lat' dir='ltr'>cum</span> 
     </span>
     <span class='ocr_line' id='line_1_7' title="bbox 235 526 1447 576; baseline 0.005 -12"><span class='ocrx_word' id='word_1_37' title='bbox 235 526 447 565; x_wconf 82' lang='lat' dir='ltr'>seditionis</span> <span class='ocrx_word' id='word_1_38' title='bbox 473 529 760 566; x_wconf 91' lang='lat' dir='ltr'>coniunctione</span> <span class='ocrx_word' id='word_1_39' title='bbox 786 527 1069 576; x_wconf 86' lang='lat' dir='ltr'>defenderam,</span> <span class='ocrx_word' id='word_1_40' title='bbox 1093 535 1138 568; x_wconf 89' lang='lat' dir='ltr'>et</span> <span class='ocrx_word' id='word_1_41' title='bbox 1159 531 1339 570; x_wconf 89' lang='lat' dir='ltr'>iudicum</span> <span class='ocrx_word' id='word_1_42' title='bbox 1363 534 1447 570; x_wconf 90' lang='lat' dir='ltr'>ani-</span> 
     </span>
     <span class='ocr_line' id='line_1_8' title="bbox 234 586 1446 630; baseline 0.005 -6"><span class='ocrx_word' id='word_1_43' title='bbox 234 599 322 625; x_wconf 91' lang='lat' dir='ltr'>mos</span> <span class='ocrx_word' id='word_1_44' title='bbox 336 591 446 625; x_wconf 92' lang='lat' dir='ltr'>totos</span> <span class='ocrx_word' id='word_1_45' title='bbox 460 586 526 625; x_wconf 90' lang='lat' dir='ltr'>vel</span> <span class='ocrx_word' id='word_1_46' title='bbox 538 586 775 626; x_wconf 81' lang='lat' dir='ltr'>calamitate</span> <span class='ocrx_word' id='word_1_47' title='bbox 789 590 966 627; x_wconf 87' lang='lat' dir='ltr'>civitatis</span> <span class='ocrx_word' id='word_1_48' title='bbox 979 589 1045 628; x_wconf 88' lang='lat' dir='ltr'>vel</span> <span class='ocrx_word' id='word_1_49' title='bbox 1056 588 1171 628; x_wconf 88' lang='lat' dir='ltr'>luctu</span> <span class='ocrx_word' id='word_1_50' title='bbox 1185 603 1232 629; x_wconf 86' lang='lat' dir='ltr'>ac</span> <span class='ocrx_word' id='word_1_51' title='bbox 1245 590 1446 630; x_wconf 87' lang='lat' dir='ltr'>desiderio</span> 
     </span>
     <span class='ocr_line' id='line_1_9' title="bbox 234 647 1448 702; baseline 0.005 -18"><span class='ocrx_word' id='word_1_52' title='bbox 234 649 557 699; x_wconf 86' lang='lat' dir='ltr'>propinquorum</span> <span class='ocrx_word' id='word_1_53' title='bbox 591 647 657 686; x_wconf 90' lang='lat' dir='ltr'>vel</span> <span class='ocrx_word' id='word_1_54' title='bbox 698 647 792 687; x_wconf 92' lang='lat' dir='ltr'>odio</span> <span class='ocrx_word' id='word_1_55' title='bbox 826 651 990 700; x_wconf 91' lang='lat' dir='ltr'>proprio</span> <span class='ocrx_word' id='word_1_56' title='bbox 1023 651 1067 687; x_wconf 92' lang='lat' dir='ltr'>in</span> <span class='ocrx_word' id='word_1_57' title='bbox 1108 649 1360 702; x_wconf 85' lang='lat' dir='ltr'>Caepionem</span> <span class='ocrx_word' id='word_1_58' title='bbox 1394 651 1448 690; x_wconf 86' lang='lat' dir='ltr'>ad</span> 
     </span>
     <span class='ocr_line' id='line_1_10' title="bbox 234 709 1447 754; baseline 0.005 -10"><span class='ocrx_word' id='word_1_59' title='bbox 234 719 401 745; x_wconf 87' lang='lat' dir='ltr'>causam</span> <span class='ocrx_word' id='word_1_60' title='bbox 431 712 615 745; x_wconf 91' lang='lat' dir='ltr'>nostram</span> <span class='ocrx_word' id='word_1_61' title='bbox 646 713 944 754; x_wconf 87' lang='lat' dir='ltr'>converteram,</span> <span class='ocrx_word' id='word_1_62' title='bbox 975 714 1066 747; x_wconf 88' lang='lat' dir='ltr'>tum</span> <span class='ocrx_word' id='word_1_63' title='bbox 1098 709 1322 750; x_wconf 85' lang='lat' dir='ltr'>admiscere</span> <span class='ocrx_word' id='word_1_64' title='bbox 1352 710 1447 750; x_wconf 90' lang='lat' dir='ltr'>huic</span> 
     </span>
     <span class='ocr_line' id='line_1_11' title="bbox 233 766 1447 822; baseline 0.006 -19"><span class='ocrx_word' id='word_1_65' title='bbox 233 768 377 818; x_wconf 87' lang='lat' dir='ltr'>generi</span> <span class='ocrx_word' id='word_1_66' title='bbox 402 769 596 805; x_wconf 87' lang='lat' dir='ltr'>orationis</span> <span class='ocrx_word' id='word_1_67' title='bbox 622 766 858 806; x_wconf 89' lang='lat' dir='ltr'>vehementi</span> <span class='ocrx_word' id='word_1_68' title='bbox 885 774 1013 820; x_wconf 88' lang='lat' dir='ltr'>atque</span> <span class='ocrx_word' id='word_1_69' title='bbox 1039 772 1167 808; x_wconf 89' lang='lat' dir='ltr'>atroci</span> <span class='ocrx_word' id='word_1_70' title='bbox 1191 783 1322 822; x_wconf 90' lang='lat' dir='ltr'>genus</span> <span class='ocrx_word' id='word_1_71' title='bbox 1346 770 1447 810; x_wconf 90' lang='lat' dir='ltr'>illud</span> 
     </span>
     <span class='ocr_line' id='line_1_12' title="bbox 233 825 1446 879; baseline 0.005 -15"><span class='ocrx_word' id='word_1_72' title='bbox 233 825 424 872; x_wconf 89' lang='lat' dir='ltr'>alterum,</span> <span class='ocrx_word' id='word_1_73' title='bbox 446 826 499 865; x_wconf 90' lang='lat' dir='ltr'>de</span> <span class='ocrx_word' id='word_1_74' title='bbox 522 840 603 878; x_wconf 93' lang='lat' dir='ltr'>quo</span> <span class='ocrx_word' id='word_1_75' title='bbox 626 832 724 866; x_wconf 87' lang='lat' dir='ltr'>ante</span> <span class='ocrx_word' id='word_1_76' title='bbox 746 827 966 879; x_wconf 89' lang='lat' dir='ltr'>disputavi,</span> <span class='ocrx_word' id='word_1_77' title='bbox 987 828 1171 868; x_wconf 84' lang='lat' dir='ltr'>lenitatis</span> <span class='ocrx_word' id='word_1_78' title='bbox 1193 835 1238 869; x_wconf 90' lang='lat' dir='ltr'>et</span> <span class='ocrx_word' id='word_1_79' title='bbox 1257 844 1446 870; x_wconf 87' lang='lat' dir='ltr'>mansue-</span> 
     </span>
     <span class='ocr_line' id='line_1_13' title="bbox 232 885 1446 940; baseline 0.006 -17"><span class='ocrx_word' id='word_1_80' title='bbox 232 885 386 924; x_wconf 89' lang='lat' dir='ltr'>tudinis</span> <span class='ocrx_word' id='word_1_81' title='bbox 402 889 520 938; x_wconf 90' lang='lat' dir='ltr'>coepi</span> <span class='ocrx_word' id='word_1_82' title='bbox 538 899 548 925; x_wconf 70' lang='grc' dir='ltr'><strong>ε</strong></span> <span class='ocrx_word' id='word_1_83' title='bbox 577 900 645 925; x_wconf 92' lang='lat' dir='ltr'>me</span> <span class='ocrx_word' id='word_1_84' title='bbox 659 900 734 938; x_wconf 91' lang='lat' dir='ltr'>pro</span> <span class='ocrx_word' id='word_1_85' title='bbox 748 900 843 926; x_wconf 92' lang='lat' dir='ltr'>meo</span> <span class='ocrx_word' id='word_1_86' title='bbox 858 887 1000 935; x_wconf 91' lang='lat' dir='ltr'>sodali,</span> <span class='ocrx_word' id='word_1_87' title='bbox 1016 891 1086 940; x_wconf 91' lang='lat' dir='ltr'>qui</span> <span class='ocrx_word' id='word_1_88' title='bbox 1100 889 1201 928; x_wconf 93' lang='lat' dir='ltr'>mihi</span> <span class='ocrx_word' id='word_1_89' title='bbox 1215 892 1258 928; x_wconf 91' lang='lat' dir='ltr'>in</span> <span class='ocrx_word' id='word_1_90' title='bbox 1271 890 1446 930; x_wconf 89' lang='lat' dir='ltr'>liberum</span> 
     </span>
     <span class='ocr_line' id='line_1_14' title="bbox 232 945 1446 1001; baseline 0.006 -18"><span class='ocrx_word' id='word_1_91' title='bbox 232 945 321 984; x_wconf 91' lang='lat' dir='ltr'>loco</span> <span class='ocrx_word' id='word_1_92' title='bbox 346 959 460 984; x_wconf 91' lang='lat' dir='ltr'>more</span> <span class='ocrx_word' id='word_1_93' title='bbox 487 949 687 986; x_wconf 87' lang='lat' dir='ltr'>maiorum</span> <span class='ocrx_word' id='word_1_94' title='bbox 715 960 804 986; x_wconf 89' lang='lat' dir='ltr'>esse</span> <span class='ocrx_word' id='word_1_95' title='bbox 831 947 1019 995; x_wconf 89' lang='lat' dir='ltr'>deberet,</span> <span class='ocrx_word' id='word_1_96' title='bbox 1047 954 1091 988; x_wconf 91' lang='lat' dir='ltr'>et</span> <span class='ocrx_word' id='word_1_97' title='bbox 1115 962 1190 1001; x_wconf 91' lang='lat' dir='ltr'>pro</span> <span class='ocrx_word' id='word_1_98' title='bbox 1215 963 1311 989; x_wconf 89' lang='lat' dir='ltr'>mea</span> <span class='ocrx_word' id='word_1_99' title='bbox 1335 953 1446 990; x_wconf 92' lang='lat' dir='ltr'>omni</span> 
     </span>
     <span class='ocr_line' id='line_1_15' title="bbox 232 1004 1446 1059; baseline 0.006 -16"><span class='ocrx_word' id='word_1_100' title='bbox 232 1004 344 1043; x_wconf 89' lang='lat' dir='ltr'>fama</span> <span class='ocrx_word' id='word_1_101' title='bbox 377 1019 505 1057; x_wconf 91' lang='lat' dir='ltr'>prope</span> <span class='ocrx_word' id='word_1_102' title='bbox 543 1005 801 1059; x_wconf 88' lang='lat' dir='ltr'>fortunisque</span> <span class='ocrx_word' id='word_1_103' title='bbox 840 1007 1088 1055; x_wconf 80' lang='lat' dir='ltr'>decernere3</span> <span class='ocrx_word' id='word_1_104' title='bbox 1128 1008 1228 1048; x_wconf 84' lang='lat' dir='ltr'>nihil</span> <span class='ocrx_word' id='word_1_105' title='bbox 1259 1009 1360 1049; x_wconf 86' lang='lat' dir='ltr'>mihi</span> <span class='ocrx_word' id='word_1_106' title='bbox 1393 1011 1446 1050; x_wconf 84' lang='lat' dir='ltr'>ad</span> 
     </span>
     <span class='ocr_line' id='line_1_16' title="bbox 233 1067 1445 1118; baseline 0.006 -15"><span class='ocrx_word' id='word_1_107' title='bbox 233 1068 584 1104; x_wconf 88' lang='lat' dir='ltr'>existimationem</span> <span class='ocrx_word' id='word_1_108' title='bbox 617 1069 791 1118; x_wconf 87' lang='lat' dir='ltr'>turpius,</span> <span class='ocrx_word' id='word_1_109' title='bbox 825 1067 925 1106; x_wconf 92' lang='lat' dir='ltr'>nihil</span> <span class='ocrx_word' id='word_1_110' title='bbox 959 1068 1013 1107; x_wconf 88' lang='lat' dir='ltr'>ad</span> <span class='ocrx_word' id='word_1_111' title='bbox 1045 1068 1228 1108; x_wconf 91' lang='lat' dir='ltr'>dolorem</span> <span class='ocrx_word' id='word_1_112' title='bbox 1261 1071 1445 1110; x_wconf 89' lang='lat' dir='ltr'>acerbius</span> 
     </span>
     <span class='ocr_line' id='line_1_17' title="bbox 234 1125 1446 1180; baseline 0.006 -17"><span class='ocrx_word' id='word_1_113' title='bbox 234 1125 418 1164; x_wconf 93' lang='lat' dir='ltr'>accidere</span> <span class='ocrx_word' id='word_1_114' title='bbox 445 1139 579 1177; x_wconf 92' lang='lat' dir='ltr'>posse,</span> <span class='ocrx_word' id='word_1_115' title='bbox 607 1140 732 1178; x_wconf 90' lang='lat' dir='ltr'>quam</span> <span class='ocrx_word' id='word_1_116' title='bbox 759 1129 792 1165; x_wconf 90' lang='lat' dir='ltr'>si</span> <span class='ocrx_word' id='word_1_117' title='bbox 817 1129 865 1173; x_wconf 89' lang='lat' dir='ltr'>is,</span> <span class='ocrx_word' id='word_1_118' title='bbox 893 1130 963 1179; x_wconf 93' lang='lat' dir='ltr'>qui</span> <span class='ocrx_word' id='word_1_119' title='bbox 990 1141 1114 1180; x_wconf 90' lang='lat' dir='ltr'>saepe</span> <span class='ocrx_word' id='word_1_120' title='bbox 1142 1129 1395 1170; x_wconf 90' lang='lat' dir='ltr'>alienissimis</span> <span class='ocrx_word' id='word_1_121' title='bbox 1421 1144 1446 1170; x_wconf 85' lang='lat' dir='ltr'>a</span> 
     </span>
     <span class='ocr_line' id='line_1_18' title="bbox 233 1185 1445 1237; baseline 0.006 -14"><span class='ocrx_word' id='word_1_122' title='bbox 233 1198 315 1230; x_wconf 90' lang='lat' dir='ltr'>me,</span> <span class='ocrx_word' id='word_1_123' title='bbox 331 1185 406 1223; x_wconf 88' lang='lat' dir='ltr'>sed</span> <span class='ocrx_word' id='word_1_124' title='bbox 426 1188 529 1224; x_wconf 90' lang='lat' dir='ltr'>meis</span> <span class='ocrx_word' id='word_1_125' title='bbox 544 1191 688 1225; x_wconf 88' lang='lat' dir='ltr'>tamen</span> <span class='ocrx_word' id='word_1_126' title='bbox 702 1187 872 1233; x_wconf 87' lang='lat' dir='ltr'>civibus,</span> <span class='ocrx_word' id='word_1_127' title='bbox 887 1187 1009 1226; x_wconf 87' lang='lat' dir='ltr'>saluti</span> <span class='ocrx_word' id='word_1_128' title='bbox 1030 1191 1288 1228; x_wconf 86' lang='lat' dir='ltr'>existimarer</span> <span class='ocrx_word' id='word_1_129' title='bbox 1305 1189 1445 1237; x_wconf 83' lang='lat' dir='ltr'>fuisse,</span> 
     </span>
    </p>

    <p class='ocr_par' dir='ltr' id='par_1_4' title="bbox 149 1244 1446 1836">
     <span class='ocr_line' id='line_1_19' title="bbox 149 1244 1446 1298; baseline 0 -9"><span class='ocrx_word' id='word_1_130' title='bbox 149 1255 213 1289; x_wconf 82' lang='lat'>201</span> <span class='ocrx_word' id='word_1_131' title='bbox 234 1244 362 1283; x_wconf 85' lang='lat' dir='ltr'>sodali</span> <span class='ocrx_word' id='word_1_132' title='bbox 381 1258 475 1283; x_wconf 90' lang='lat' dir='ltr'>meo</span> <span class='ocrx_word' id='word_1_133' title='bbox 492 1245 689 1284; x_wconf 87' lang='lat' dir='ltr'>auxilium</span> <span class='ocrx_word' id='word_1_134' title='bbox 701 1245 809 1284; x_wconf 90' lang='lat' dir='ltr'>ferre</span> <span class='ocrx_word' id='word_1_135' title='bbox 822 1260 904 1285; x_wconf 91' lang='lat' dir='ltr'>non</span> <span class='ocrx_word' id='word_1_136' title='bbox 915 1250 1156 1298; x_wconf 89' lang='lat' dir='ltr'>potuissem.</span> <span class='ocrx_word' id='word_1_137' title='bbox 1206 1247 1409 1289; x_wconf 89' lang='lat' dir='ltr'>Petebam</span> <span class='ocrx_word' id='word_1_138' title='bbox 1421 1264 1446 1289; x_wconf 87' lang='lat' dir='ltr'>a</span> 
     </span>
     <span class='ocr_line' id='line_1_20' title="bbox 233 1304 1445 1355; baseline 0.006 -13"><span class='ocrx_word' id='word_1_139' title='bbox 233 1304 449 1351; x_wconf 87' lang='lat' dir='ltr'>iudicibus,</span> <span class='ocrx_word' id='word_1_140' title='bbox 465 1310 514 1343; x_wconf 91' lang='lat' dir='ltr'>ut</span> <span class='ocrx_word' id='word_1_141' title='bbox 529 1305 630 1344; x_wconf 89' lang='lat' dir='ltr'>illud</span> <span class='ocrx_word' id='word_1_142' title='bbox 647 1308 777 1344; x_wconf 86' lang='lat' dir='ltr'>aetati</span> <span class='ocrx_word' id='word_1_143' title='bbox 793 1319 927 1353; x_wconf 84' lang='lat' dir='ltr'>meae,</span> <span class='ocrx_word' id='word_1_144' title='bbox 944 1313 992 1346; x_wconf 91' lang='lat' dir='ltr'>ut</span> <span class='ocrx_word' id='word_1_145' title='bbox 1008 1307 1243 1355; x_wconf 87' lang='lat' dir='ltr'>honoribus,</span> <span class='ocrx_word' id='word_1_146' title='bbox 1259 1315 1308 1348; x_wconf 88' lang='lat' dir='ltr'>ut</span> <span class='ocrx_word' id='word_1_147' title='bbox 1323 1310 1445 1350; x_wconf 88' lang='lat' dir='ltr'>rebus</span> 
     </span>
     <span class='ocr_line' id='line_1_21' title="bbox 233 1365 1446 1418; baseline 0.006 -16"><span class='ocrx_word' id='word_1_148' title='bbox 233 1366 376 1416; x_wconf 88' lang='lat' dir='ltr'>gestis,</span> <span class='ocrx_word' id='word_1_149' title='bbox 391 1367 423 1402; x_wconf 92' lang='lat' dir='ltr'>si</span> <span class='ocrx_word' id='word_1_150' title='bbox 435 1367 558 1411; x_wconf 89' lang='lat' dir='ltr'>iusto,</span> <span class='ocrx_word' id='word_1_151' title='bbox 571 1367 604 1403; x_wconf 92' lang='lat' dir='ltr'>si</span> <span class='ocrx_word' id='word_1_152' title='bbox 618 1367 686 1416; x_wconf 92' lang='lat' dir='ltr'>pio</span> <span class='ocrx_word' id='word_1_153' title='bbox 701 1365 840 1404; x_wconf 91' lang='lat' dir='ltr'>dolore</span> <span class='ocrx_word' id='word_1_154' title='bbox 852 1379 920 1405; x_wconf 91' lang='lat' dir='ltr'>me</span> <span class='ocrx_word' id='word_1_155' title='bbox 934 1379 1022 1406; x_wconf 92' lang='lat' dir='ltr'>esse</span> <span class='ocrx_word' id='word_1_156' title='bbox 1036 1366 1230 1407; x_wconf 88' lang='lat' dir='ltr'>affectum</span> <span class='ocrx_word' id='word_1_157' title='bbox 1244 1368 1446 1418; x_wconf 88' lang='lat' dir='ltr'>viderent,</span> 
     </span>
     <span class='ocr_line' id='line_1_22' title="bbox 233 1423 1446 1476; baseline 0.005 -14"><span class='ocrx_word' id='word_1_158' title='bbox 233 1423 509 1463; x_wconf 89' lang='lat' dir='ltr'>concederent</span> <span class='ocrx_word' id='word_1_159' title='bbox 527 1437 538 1471; x_wconf 81' lang='lat'><em>3</em></span> <span class='ocrx_word' id='word_1_160' title='bbox 574 1428 818 1476; x_wconf 79' lang='lat' dir='ltr'>praesertim</span> <span class='ocrx_word' id='word_1_161' title='bbox 840 1428 874 1464; x_wconf 93' lang='lat' dir='ltr'>si</span> <span class='ocrx_word' id='word_1_162' title='bbox 895 1428 938 1464; x_wconf 94' lang='lat' dir='ltr'>in</span> <span class='ocrx_word' id='word_1_163' title='bbox 961 1426 1047 1465; x_wconf 88' lang='lat' dir='ltr'>aliis</span> <span class='ocrx_word' id='word_1_164' title='bbox 1070 1430 1201 1466; x_wconf 87' lang='lat' dir='ltr'>causis</span> <span class='ocrx_word' id='word_1_165' title='bbox 1223 1428 1446 1469; x_wconf 84' lang='lat' dir='ltr'>intellexis-</span> 
     </span>
     <span class='ocr_line' id='line_1_23' title="bbox 233 1486 1445 1539; baseline 0.005 -17"><span class='ocrx_word' id='word_1_166' title='bbox 233 1489 328 1522; x_wconf 90' lang='lat' dir='ltr'>sent</span> <span class='ocrx_word' id='word_1_167' title='bbox 351 1486 488 1522; x_wconf 90' lang='lat' dir='ltr'>omnia</span> <span class='ocrx_word' id='word_1_168' title='bbox 510 1497 578 1523; x_wconf 91' lang='lat' dir='ltr'>me</span> <span class='ocrx_word' id='word_1_169' title='bbox 598 1497 763 1536; x_wconf 88' lang='lat' dir='ltr'>semper</span> <span class='ocrx_word' id='word_1_170' title='bbox 787 1499 861 1537; x_wconf 89' lang='lat' dir='ltr'>pro</span> <span class='ocrx_word' id='word_1_171' title='bbox 881 1488 1103 1525; x_wconf 87' lang='lat' dir='ltr'>amicorum</span> <span class='ocrx_word' id='word_1_172' title='bbox 1123 1487 1326 1539; x_wconf 90' lang='lat' dir='ltr'>periculis,</span> <span class='ocrx_word' id='word_1_173' title='bbox 1346 1488 1445 1528; x_wconf 90' lang='lat' dir='ltr'>nihil</span> 
     </span>
     <span class='ocr_line' id='line_1_24' title="bbox 233 1545 1445 1597; baseline 0.005 -16"><span class='ocrx_word' id='word_1_174' title='bbox 233 1556 417 1596; x_wconf 88' lang='lat' dir='ltr'>unquam</span> <span class='ocrx_word' id='word_1_175' title='bbox 441 1557 515 1596; x_wconf 91' lang='lat' dir='ltr'>pro</span> <span class='ocrx_word' id='word_1_176' title='bbox 540 1557 608 1582; x_wconf 90' lang='lat' dir='ltr'>me</span> <span class='ocrx_word' id='word_1_177' title='bbox 634 1547 722 1596; x_wconf 90' lang='lat' dir='ltr'>ipso</span> <span class='ocrx_word' id='word_1_178' title='bbox 748 1545 1029 1597; x_wconf 89' lang='lat' dir='ltr'>deprecatum.</span> <span class='ocrx_word' id='word_1_179' title='bbox 1085 1546 1150 1585; x_wconf 92' lang='lat' dir='ltr'>Sic</span> <span class='ocrx_word' id='word_1_180' title='bbox 1174 1550 1217 1585; x_wconf 90' lang='lat' dir='ltr'>in</span> <span class='ocrx_word' id='word_1_181' title='bbox 1241 1547 1310 1586; x_wconf 90' lang='lat' dir='ltr'>illa</span> <span class='ocrx_word' id='word_1_182' title='bbox 1334 1552 1445 1588; x_wconf 90' lang='lat' dir='ltr'>omni</span> 
     </span>
     <span class='ocr_line' id='line_1_25' title="bbox 232 1602 1444 1659; baseline 0.004 -17"><span class='ocrx_word' id='word_1_183' title='bbox 232 1602 472 1643; x_wconf 88' lang='lat' dir='ltr'>defensione</span> <span class='ocrx_word' id='word_1_184' title='bbox 501 1610 628 1656; x_wconf 88' lang='lat' dir='ltr'>atque</span> <span class='ocrx_word' id='word_1_185' title='bbox 657 1618 793 1651; x_wconf 88' lang='lat' dir='ltr'>causa,</span> <span class='ocrx_word' id='word_1_186' title='bbox 821 1606 933 1657; x_wconf 91' lang='lat' dir='ltr'>quod</span> <span class='ocrx_word' id='word_1_187' title='bbox 961 1619 1050 1645; x_wconf 88' lang='lat' dir='ltr'>esse</span> <span class='ocrx_word' id='word_1_188' title='bbox 1078 1609 1120 1644; x_wconf 91' lang='lat' dir='ltr'>in</span> <span class='ocrx_word' id='word_1_189' title='bbox 1148 1612 1237 1646; x_wconf 89' lang='lat' dir='ltr'>arte</span> <span class='ocrx_word' id='word_1_190' title='bbox 1264 1611 1444 1659; x_wconf 89' lang='lat' dir='ltr'>positum</span> 
     </span>
     <span class='ocr_line' id='line_1_26' title="bbox 232 1663 1444 1719; baseline 0.005 -17"><span class='ocrx_word' id='word_1_191' title='bbox 232 1663 464 1710; x_wconf 88' lang='lat' dir='ltr'>videbatur,</span> <span class='ocrx_word' id='word_1_192' title='bbox 480 1669 528 1703; x_wconf 92' lang='lat' dir='ltr'>ut</span> <span class='ocrx_word' id='word_1_193' title='bbox 547 1664 599 1703; x_wconf 93' lang='lat' dir='ltr'>de</span> <span class='ocrx_word' id='word_1_194' title='bbox 618 1664 710 1716; x_wconf 89' lang='lat' dir='ltr'>lege</span> <span class='ocrx_word' id='word_1_195' title='bbox 727 1665 933 1716; x_wconf 90' lang='lat' dir='ltr'>Appuleia</span> <span class='ocrx_word' id='word_1_196' title='bbox 947 1665 1141 1712; x_wconf 88' lang='lat' dir='ltr'>dicerem,</span> <span class='ocrx_word' id='word_1_197' title='bbox 1157 1672 1205 1705; x_wconf 93' lang='lat' dir='ltr'>ut</span> <span class='ocrx_word' id='word_1_198' title='bbox 1220 1667 1319 1719; x_wconf 91' lang='lat' dir='ltr'>quid</span> <span class='ocrx_word' id='word_1_199' title='bbox 1334 1675 1444 1708; x_wconf 89' lang='lat' dir='ltr'>esset</span> 
     </span>
     <span class='ocr_line' id='line_1_27' title="bbox 232 1724 1444 1778; baseline 0.006 -17"><span class='ocrx_word' id='word_1_200' title='bbox 232 1725 418 1762; x_wconf 90' lang='lat' dir='ltr'>minuere</span> <span class='ocrx_word' id='word_1_201' title='bbox 447 1727 710 1763; x_wconf 88' lang='lat' dir='ltr'>maiestatem</span> <span class='ocrx_word' id='word_1_202' title='bbox 740 1724 1002 1775; x_wconf 90' lang='lat' dir='ltr'>explicarem,</span> <span class='ocrx_word' id='word_1_203' title='bbox 1030 1739 1231 1778; x_wconf 88' lang='lat' dir='ltr'>perquam</span> <span class='ocrx_word' id='word_1_204' title='bbox 1264 1727 1444 1768; x_wconf 88' lang='lat' dir='ltr'>breviter</span> 
     </span>
     <span class='ocr_line' id='line_1_28' title="bbox 232 1784 1442 1836; baseline 0.005 -15"><span class='ocrx_word' id='word_1_205' title='bbox 232 1785 454 1835; x_wconf 85' lang='lat' dir='ltr'>perstrinxi</span> <span class='ocrx_word' id='word_1_206' title='bbox 463 1789 589 1836; x_wconf 86' lang='lat' dir='ltr'>atque</span> <span class='ocrx_word' id='word_1_207' title='bbox 600 1786 734 1836; x_wconf 81' lang='lat' dir='ltr'>attigi.</span> <span class='ocrx_word' id='word_1_208' title='bbox 778 1784 853 1822; x_wconf 93' lang='lat' dir='ltr'>His</span> <span class='ocrx_word' id='word_1_209' title='bbox 868 1785 1027 1823; x_wconf 90' lang='lat' dir='ltr'>duabus</span> <span class='ocrx_word' id='word_1_210' title='bbox 1041 1786 1226 1836; x_wconf 90' lang='lat' dir='ltr'>partibus</span> <span class='ocrx_word' id='word_1_211' title='bbox 1235 1789 1442 1835; x_wconf 83' lang='lat' dir='ltr'>orationis,</span> 
     </span>
    </p>
   </div>
   <div class='ocr_carea' id='block_1_3' title="bbox 1215 1861 1441 1869">
    <p class='ocr_par' dir='ltr' id='par_1_5' title="bbox 1215 1861 1441 1869">
     <span class='ocr_line' id='line_1_29' title="bbox 1215 1861 1441 1869; baseline 0 0"><span class='ocrx_word' id='word_1_212' title='bbox 1215 1861 1441 1869; x_wconf 95' lang='lat' dir='ltr'> </span> 
     </span>
    </p>
   </div>
   <div class='ocr_carea' id='block_1_4' title="bbox 229 1886 1442 2060">
    <p class='ocr_par' dir='ltr' id='par_1_6' title="bbox 229 1886 1442 2060">
     <span class='ocr_line' id='line_1_30' title="bbox 280 1886 1442 1933; baseline 0.004 -14"><span class='ocrx_word' id='word_1_213' title='bbox 280 1890 296 1906; x_wconf 77' lang='lat'><strong>⁰</strong></span> <span class='ocrx_word' id='word_1_214' title='bbox 319 1886 454 1930; x_wconf 85' lang='lat' dir='ltr'>Caepio</span> <span class='ocrx_word' id='word_1_215' title='bbox 476 1888 512 1920; x_wconf 90' lang='lat' dir='ltr'>in</span> <span class='ocrx_word' id='word_1_216' title='bbox 538 1890 600 1920; x_wconf 88' lang='grc'>106</span> <span class='ocrx_word' id='word_1_217' title='bbox 624 1899 689 1921; x_wconf 62' lang='lat' dir='ltr'>mc.</span> <span class='ocrx_word' id='word_1_218' title='bbox 713 1887 785 1921; x_wconf 87' lang='lat' dir='ltr'>had</span> <span class='ocrx_word' id='word_1_219' title='bbox 807 1888 984 1931; x_wconf 84' lang='lat' dir='ltr'>proposed</span> <span class='ocrx_word' id='word_1_220' title='bbox 1006 1891 1042 1922; x_wconf 86' lang='lat' dir='ltr'>to</span> <span class='ocrx_word' id='word_1_221' title='bbox 1064 1887 1209 1931; x_wconf 86' lang='lat' dir='ltr'>deprive</span> <span class='ocrx_word' id='word_1_222' title='bbox 1229 1890 1290 1923; x_wconf 84' lang='lat' dir='ltr'>the</span> <span class='ocrx_word' id='word_1_223' title='bbox 1311 1891 1442 1933; x_wconf 70' lang='lat' dir='ltr'>equites</span> 
     </span>
     <span class='ocr_line' id='line_1_31' title="bbox 230 1930 1442 1974; baseline 0.004 -11"><span class='ocrx_word' id='word_1_224' title='bbox 230 1930 273 1963; x_wconf 82' lang='lat' dir='ltr'>of</span> <span class='ocrx_word' id='word_1_225' title='bbox 292 1930 386 1963; x_wconf 84' lang='lat' dir='ltr'>their</span> <span class='ocrx_word' id='word_1_226' title='bbox 412 1930 607 1974; x_wconf 91' lang='lat' dir='ltr'>monopoly</span> <span class='ocrx_word' id='word_1_227' title='bbox 633 1932 675 1965; x_wconf 87' lang='lat' dir='ltr'>of</span> <span class='ocrx_word' id='word_1_228' title='bbox 696 1931 756 1965; x_wconf 88' lang='lat' dir='ltr'>the</span> <span class='ocrx_word' id='word_1_229' title='bbox 778 1931 863 1974; x_wconf 79' lang='lat' dir='ltr'>jury</span> <span class='ocrx_word' id='word_1_230' title='bbox 887 1932 1080 1971; x_wconf 87' lang='lat' dir='ltr'>functions‚</span> <span class='ocrx_word' id='word_1_231' title='bbox 1106 1932 1178 1966; x_wconf 85' lang='lat' dir='ltr'>and</span> <span class='ocrx_word' id='word_1_232' title='bbox 1204 1936 1242 1966; x_wconf 86' lang='lat' dir='ltr'>to</span> <span class='ocrx_word' id='word_1_233' title='bbox 1267 1933 1358 1968; x_wconf 87' lang='lat' dir='ltr'>have</span> <span class='ocrx_word' id='word_1_234' title='bbox 1381 1935 1442 1968; x_wconf 82' lang='lat' dir='ltr'>the</span> 
     </span>
     <span class='ocr_line' id='line_1_32' title="bbox 230 1973 1442 2022; baseline 0.004 -15"><span class='ocrx_word' id='word_1_235' title='bbox 230 1973 407 2007; x_wconf 83' lang='lat' dir='ltr'>tribunals</span> <span class='ocrx_word' id='word_1_236' title='bbox 434 1974 627 2018; x_wconf 91' lang='lat' dir='ltr'>composed</span> <span class='ocrx_word' id='word_1_237' title='bbox 655 1975 697 2009; x_wconf 85' lang='lat' dir='ltr'>of</span> <span class='ocrx_word' id='word_1_238' title='bbox 719 1978 880 2009; x_wconf 83' lang='lat' dir='ltr'>senators</span> <span class='ocrx_word' id='word_1_239' title='bbox 907 1975 979 2008; x_wconf 81' lang='lat' dir='ltr'>and</span> <span class='ocrx_word' id='word_1_240' title='bbox 1007 1976 1138 2018; x_wconf 74' lang='lat' dir='ltr'>equites</span> <span class='ocrx_word' id='word_1_241' title='bbox 1166 1977 1202 2009; x_wconf 91' lang='lat' dir='ltr'>in</span> <span class='ocrx_word' id='word_1_242' title='bbox 1229 1977 1335 2020; x_wconf 82' lang='lat' dir='ltr'>equal</span> <span class='ocrx_word' id='word_1_243' title='bbox 1361 1988 1442 2022; x_wconf 86' lang='lat' dir='ltr'>pro-</span> 
     </span>
     <span class='ocr_line' id='line_1_33' title="bbox 229 2018 1327 2060; baseline 0.005 -10"><span class='ocrx_word' id='word_1_244' title='bbox 229 2019 403 2060; x_wconf 87' lang='lat' dir='ltr'>portions.</span> <span class='ocrx_word' id='word_1_245' title='bbox 815 2018 829 2041; x_wconf 73' lang='lat'>⁵</span> <span class='ocrx_word' id='word_1_246' title='bbox 853 2019 920 2053; x_wconf 87' lang='lat' dir='ltr'>See</span> <span class='ocrx_word' id='word_1_247' title='bbox 938 2018 1042 2053; x_wconf 90' lang='lat' dir='ltr'>Book</span> <span class='ocrx_word' id='word_1_248' title='bbox 1060 2019 1111 2059; x_wconf 82' lang='lat'>11,</span> <span class='ocrx_word' id='word_1_249' title='bbox 1127 2023 1144 2059; x_wconf 65' lang='grc' dir='ltr'><strong>ἕ</strong></span> <span class='ocrx_word' id='word_1_250' title='bbox 1164 2023 1226 2054; x_wconf 80' lang='lat'>107</span> <span class='ocrx_word' id='word_1_251' title='bbox 1244 2031 1278 2055; x_wconf 91' lang='lat' dir='ltr'>n.</span> <span class='ocrx_word' id='word_1_252' title='bbox 1296 2022 1327 2055; x_wconf 82' lang='lat' dir='ltr'>b.</span> 
     </span>
    </p>
   </div>
   <div class='ocr_carea' id='block_1_5' title="bbox 230 2093 309 2129">
    <p class='ocr_par' dir='ltr' id='par_1_7' title="bbox 230 2093 309 2129">
     <span class='ocr_line' id='line_1_34' title="bbox 230 2093 309 2129; baseline -0.013 0"><span class='ocrx_word' id='word_1_253' title='bbox 230 2093 309 2129; x_wconf 82' lang='lat'>844</span> 
     </span>
    </p>
   </div>
  </div>
 </body>
</html>
