1560 2294
762 99 967 138 CICERO

258 207 375 244 istius
409 205 697 256 disputationis
726 203 958 249 insolentia,
987 208 1114 254 atque
1147 215 1289 241 earum
1315 215 1468 248 rerum,

259 281 365 320 quae
386 270 501 319 quasi
520 270 563 305 in
582 273 671 305 arte
691 267 925 311 traduntur,
943 268 1117 306 inscitia.

177 341 241 373 100
310 331 415 368 Tum
463 330 616 368 Cotta:
679 329 884 377 Quoniam
930 328 986 374 id,
1033 329 1144 381 quod
1190 327 1468 367 difficillimum

260 394 375 431 nobis
410 393 640 438 videbatur,
669 397 717 430 ut
750 394 915 430 omnino
953 392 1006 430 de
1044 391 1106 430 his
1143 392 1280 438 rebus,
1309 390 1468 438 Crasse,

260 456 488 507 loquerere,
520 457 696 493 assecuti
730 467 898 500 sumus3
944 454 997 493 de
1027 454 1185 507 reliquo
1215 457 1298 492 iam
1329 459 1469 493 nostra

260 518 380 569 culpa
417 517 557 564 fuerit,
595 521 629 556 si
666 523 726 564 te,
763 520 840 556 nisi
878 520 1029 564 omnia,
1067 530 1174 570 quae
1211 519 1469 569 percunctati

180 588 239 620 101
261 584 426 626 erimus,
474 581 702 631 explicaris,
743 580 1028 618 dimiserimus.
1106 580 1172 618 De
1215 579 1292 626 his,
1333 579 1470 625 credo,

260 644 397 689 rebus,
423 646 558 695 inquit
583 643 765 689 Crassus,
791 648 840 681 ut
864 645 907 680 in
932 643 1181 681 cretionibus
1206 643 1326 681 scribi
1351 641 1471 688 solet,

262 706 420 754 anus
440 718 573 752 scmM,
594 718 843 748 POTEROQUE.
899 705 1006 743 Tum
1026 705 1116 744 ille:
1150 704 1339 757 Namque
1360 704 1470 757 quod

262 775 310 807 tu
338 783 420 807 non
448 771 618 820 poteris,
647 774 721 807 aut
749 771 920 814 nescies,
949 771 1039 820 quis
1068 773 1254 807 nostrum
1282 773 1370 806 tam
1397 770 1472 806 im-

262 831 421 883 pudens
451 837 529 877 est,
553 834 623 883 qui
652 844 697 870 se
726 834 827 870 scire
852 836 925 869 aut
952 845 1072 882 posse
1100 831 1317 883 postulet?
1382 830 1471 869 Iam

263 908 373 940 vero,
396 897 476 932 ista
499 894 748 940 conditione,
772 894 871 932 dum
893 893 993 932 mihi
1015 894 1140 932 liceat
1162 907 1316 946 negare
1338 907 1472 945 posse,

262 957 374 1009 quod
388 970 470 995 non
485 962 645 1008 potero,
658 962 702 995 et
716 955 840 995 fateri
855 959 1011 995 nescire
1028 956 1139 1009 quod
1153 959 1347 1002 nesciam,
1362 956 1473 1002 licet,

262 1022 396 1071 inquit
451 1019 633 1066 Crassus,
687 1025 824 1058 vestro
880 1020 1082 1058 arbitratu
1135 1021 1472 1071 percunctemini.

182 1089 245 1122 102
264 1082 420 1133 Atque,
446 1084 580 1133 inquit
606 1081 820 1133 Sulpicius,
845 1081 922 1120 hoc
947 1084 1125 1133 primum
1151 1095 1203 1120 ex
1228 1087 1288 1128 te,
1314 1081 1366 1120 de
1392 1095 1473 1133 quo

264 1144 386 1182 modo
416 1144 630 1182 Antonius
651 1147 856 1196 exposuit,
885 1144 986 1196 quid
1014 1146 1183 1190 sentias,
1212 1146 1473 1196 quaerimus:

266 1209 530 1245 existimesne
569 1212 702 1245 artem
739 1206 918 1258 aliquam
957 1220 1046 1245 esse
1084 1206 1280 1245 dicendi?
1331 1206 1474 1255 Quid?

265 1269 364 1307 mihi
387 1283 494 1307 nunc
516 1282 601 1315 vos,
623 1271 758 1320 inquit
779 1269 962 1315 Crassus,
984 1275 1184 1321 tanquam
1207 1268 1326 1307 alicui
1348 1269 1475 1308 Grae-

266 1332 356 1370 culo
372 1334 502 1370 otioso
520 1337 564 1370 et
579 1331 753 1384 loquaci,
770 1337 814 1371 et
828 1331 1003 1371 fortasse
1019 1332 1141 1371 docto
1157 1337 1284 1384 atque
1301 1332 1476 1378 erudito,

266 1394 635 1446 quaestiunculam,
681 1394 734 1434 de
790 1408 873 1447 qua
917 1408 1012 1434 meo
1065 1395 1267 1433 arbitratu
1319 1394 1476 1446 loquar,

266 1460 416 1508 ponitis
435 1457 450 1495 ?
505 1457 681 1505 Quando
699 1460 808 1496 enim
824 1470 892 1496 me
908 1460 988 1496 ista
1004 1470 1166 1496 curasse
1184 1462 1258 1496 aut
1273 1459 1475 1509 cogitasse

268 1520 535 1566 arbitramini,
570 1526 614 1558 et
651 1533 734 1559 non
767 1533 930 1572 semper
962 1523 1131 1558 irrisisse
1165 1522 1301 1571 potius
1335 1533 1476 1558 eorum

267 1582 477 1620 hominum
506 1583 820 1634 impudentiam,
849 1585 919 1634 qui
949 1596 1042 1621 cum
1070 1585 1113 1620 in
1141 1582 1278 1621 schola
1306 1582 1477 1621 assedis-

268 1651 375 1691 sent,
395 1658 446 1683 ex
465 1659 615 1697 magna
635 1645 846 1684 hominum
863 1644 1098 1697 frequentia
1117 1645 1252 1684 dicere
1270 1646 1476 1691 iuberent,

187 1720 250 1754 103
271 1710 301 1745 si
351 1710 441 1759 quis
484 1708 583 1759 quid
630 1709 880 1759 quaereret?
948 1707 1069 1756 Quod
1115 1710 1291 1759 primum
1338 1706 1478 1746 ferunt

270 1770 519 1808 Leontinum
543 1769 687 1809 fecisse
713 1770 908 1823 Gorgiam
927 1784 936 1809 t
975 1773 1044 1822 qui
1067 1783 1338 1822 permagnum
1362 1769 1478 1822 quid-

317 1914 332 1930 ⁰
358 1910 427 1943 For
445 1911 505 1944 the
520 1922 582 1944 use
600 1910 641 1944 of
661 1911 722 1945 the
741 1910 951 1945 diminutive
973 1914 1011 1944 to
1034 1910 1189 1944 indicate
1210 1910 1271 1945 the
1294 1913 1478 1953 contempt

269 1953 334 1987 felt
349 1957 387 1987 at
411 1954 524 1988 Rome
546 1954 602 1988 for
622 1954 683 1989 the
705 1954 917 1997 degenerate
937 1953 1058 1988 Greek
1078 1953 1120 1988 of
1139 1954 1200 1989 the
1218 1954 1291 1998 day
1305 1954 1352 1997 cs.
1369 1956 1404 1993 ἐξ
1419 1955 1477 1995 47.

269 1999 349 2037 221,
366 1997 438 2031 and
453 1997 608 2031 Juvenal
625 1999 674 2032 iii.
691 2000 735 2032 78
753 1998 949 2032 Graeculus
965 1998 1138 2032 esuriem.

268 2054 319 2088 ’72
