1560 2294
770 125 975 165 CICERO

267 225 328 264 his
347 228 522 279 ingeniis
542 228 742 276 homines,
762 235 927 269 tantum
947 244 1097 282 operae
1116 230 1216 270 mihi
1236 230 1290 270 ad
1309 231 1476 270 audien-

267 282 366 322 dum
386 284 599 324 datis—ex
623 299 672 325 eo
693 292 771 332 est,
794 287 905 338 quod
926 287 1027 325 nihil
1045 290 1262 340 quisquam
1281 300 1477 340 umquam

267 353 334 378 me
359 341 554 380 audiente
578 345 666 394 egit
687 348 838 389 orator,
864 344 975 396 quod
996 357 1079 383 non
1100 347 1144 382 in
1164 346 1362 383 memoria
1382 356 1478 383 mea

267 400 432 448 penitus
455 399 665 438 insederit.
723 400 864 452 Atque
889 414 966 453 ego
989 403 1036 447 is,
1060 404 1130 453 qui
1153 414 1257 447 sum,
1280 407 1477 454 quantus-

268 467 443 506 cumque
462 469 551 494 sum
570 456 623 494 ad
639 457 916 503 iudicandum,
933 459 1121 496 omnibus
1140 458 1290 497 auditis
1307 460 1476 497 oratori-

268 511 359 557 bus,
381 514 468 550 sine
490 512 573 551 ulla
594 514 853 553 dubitatione
876 517 933 553 sic
953 520 1093 553 statuo
1115 520 1159 553 et
1179 515 1327 561 iudico,
1347 517 1476 553 nemi-

268 581 364 606 nem
393 572 575 608 omnium
602 576 666 609 tot
695 576 739 609 et
771 577 905 617 tanta,
935 577 1092 624 quanta
1120 577 1217 611 sunt
1244 574 1288 610 in
1315 572 1474 618 Crasso,

189 629 250 663 123
269 623 459 664 habuisse
483 633 726 666 ornamenta
751 627 926 667 dicendi.
982 628 1118 677 Quam
1143 629 1196 667 ob
1221 642 1324 676 rem,
1349 631 1383 668 si
1405 642 1474 668 vos

269 695 433 733 quoque
464 682 541 721 hoc
571 684 682 723 idem
715 687 973 731 existimatis,
1003 699 1086 724 non
1117 688 1210 731 erit,
1241 691 1289 725 ut
1319 688 1474 738 opinor,

269 741 409 790 iniqua
440 743 623 791 partitio,
652 744 699 787 si,
725 755 819 780 cum
848 755 926 794 ego
958 742 1066 781 hunc
1099 748 1318 789 oratorem,
1351 756 1475 795 quem

269 809 377 834 nunc
408 796 531 849 fingo,
562 804 609 836 ut
638 801 813 845 institui,
846 812 999 845 crearo,
1037 799 1189 846 aluero,
1222 799 1476 847 confirmaro,

269 853 431 892 tradam
452 867 547 892 eum
567 854 712 893 Crasso
732 861 776 894 et
795 857 1055 895 vestiendum
1075 862 1120 895 et
1138 857 1378 896 ornandum.

186 919 251 952 124
322 910 428 949 Tum
448 910 641 950 Crassus:
671 912 733 950 Tu
762 926 872 959 vero,
895 915 1044 965 inquit,
1067 914 1238 960 Antoni,
1262 927 1405 966 perge,
1427 919 1476 953 ut

267 970 494 1007 instituisti.
563 969 710 1020 Neque
744 972 854 1008 enim
888 976 952 1009 est
988 971 1086 1009 boni
1124 984 1260 1023 neque
1298 971 1475 1010 liberalis

267 1027 464 1076 parentis,
492 1038 617 1077 quem
644 1029 867 1077 procrearis
895 1032 940 1066 et
968 1027 1172 1074 eduxeris,
1200 1041 1296 1067 eum
1322 1041 1405 1067 non
1432 1033 1476 1067 et

269 1084 418 1120 vestire
457 1087 501 1120 et
538 1096 698 1129 ornare,
735 1087 978 1135 praesertim
1016 1098 1110 1123 cum
1146 1090 1191 1124 te
1227 1084 1476 1136 locupletem

268 1152 357 1177 esse
389 1152 541 1191 negare
573 1153 655 1179 non
685 1143 824 1191 possis.
881 1140 1004 1189 Quod
1034 1144 1144 1180 enim
1174 1147 1476 1189 ornamentum,

268 1209 374 1247 quae
393 1198 466 1241 vis,
484 1199 554 1247 qui
573 1199 745 1243 animus,
764 1210 871 1249 quae
889 1198 1068 1250 dignitas
1085 1199 1143 1237 illi
1160 1202 1311 1238 oratori
1328 1198 1476 1246 defuit,

269 1255 339 1304 qui
361 1255 404 1290 in
427 1266 548 1291 causa
571 1254 800 1305 peroranda
822 1268 905 1293 non
927 1255 1133 1294 dubitavit
1156 1258 1337 1295 excitare
1359 1270 1476 1295 reum

269 1309 523 1348 consularem
553 1316 597 1349 et
626 1313 712 1349 eius
746 1311 956 1350 diloricare
989 1315 1172 1351 tunicam
1203 1318 1247 1351 et
1276 1313 1476 1352 iudicibus

270 1370 478 1406 cicatrices
494 1367 685 1406 adversas
700 1371 807 1407 senis
823 1371 1080 1420 imperatoris
1095 1370 1314 1409 ostendere
1329 1370 1346 1408 ἲ
1395 1370 1476 1419 Qui

269 1425 395 1470 idern,
423 1424 500 1463 hoc
529 1430 748 1463 accusante
782 1424 972 1476 Sulpicio,
1005 1440 1099 1465 cum
1131 1426 1340 1466 hominem
1372 1427 1477 1466 sedi-

270 1484 422 1520 tiosum
449 1481 729 1534 furiosumque
757 1481 1017 1530 defenderet,
1036 1497 1119 1522 non
1147 1483 1353 1524 dubitavit
1371 1484 1478 1524 sedi-

270 1541 403 1577 tiones
418 1541 526 1590 ipsas
542 1552 702 1584 ornare,
718 1552 764 1578 ac
785 1539 1066 1579 demonstrare
1082 1543 1327 1593 gravissimis
1343 1543 1476 1581 verbis

269 1595 420 1634 multos
442 1609 566 1646 saepe
589 1598 768 1647 impetus
790 1597 930 1648 populi
952 1611 1034 1636 non
1055 1600 1225 1637 iniustos
1249 1611 1352 1645 esse,
1375 1611 1476 1651 quos

269 1658 479 1704 praestare
510 1666 632 1691 nemo
663 1656 819 1704 possit3
853 1654 1003 1693 multas
1036 1657 1162 1693 etiam
1191 1668 1214 1693 e
1242 1668 1288 1695 re
1314 1655 1478 1708 publica

269 1707 491 1745 seditiones
519 1721 643 1758 saepe
678 1721 767 1746 esse
799 1707 945 1754 factas,
978 1714 1026 1747 ut
1058 1723 1152 1748 cum
1184 1723 1304 1762 reges
1338 1715 1477 1750 essent

270 1766 419 1809 exacti,
467 1770 514 1802 ut
570 1778 663 1802 cum
719 1765 937 1803 tribunicia
991 1771 1177 1817 potestas
1224 1769 1478 1813 constituta;

270 1820 380 1859 illam
420 1820 601 1858 Norbani
640 1821 885 1859 seditionem
924 1835 976 1860 ex
1014 1822 1128 1861 luctu
1165 1825 1314 1862 civium
1347 1829 1392 1862 et
1425 1836 1477 1862 ex

600 1976 617 1994 ⁸
643 1972 707 2007 Μ’.
728 1973 906 2017 Aquilius,
922 1985 980 2008 see
996 1978 1012 2013 5
1032 1977 1096 2009 194
1112 1986 1135 2008 n

740 2017 753 2037 ⁶
777 2018 844 2052 See
861 2021 877 2057 5
898 2020 959 2052 197
977 2029 1012 2051 n.

271 2081 347 2116 286
