1560 2294
777 79 981 120 CICERO

275 183 371 223 dam
408 186 614 236 suscipere
652 197 700 223 ac
737 184 921 235 profiteri
959 183 1189 230 videbatur,
1222 197 1316 222 cum
1348 197 1394 223 se
1430 183 1484 223 ad

274 252 425 295 omnia,
443 249 495 288 de
514 250 660 301 quibus
679 252 852 301 quisque
870 249 1011 287 audire
1029 249 1168 295 vellet,
1187 262 1276 288 esse
1293 254 1483 301 paratum

275 315 552 354 denuntiaret.
609 314 760 353 Postea
770 328 866 353 vero
878 314 999 366 vulgo
1010 314 1087 353 hoc
1097 313 1234 353 facere
1245 319 1485 366 coeperunt,

274 379 480 432 hodieque
492 379 651 418 faciunt
669 392 680 426 3
707 385 756 418 ut
768 379 880 418 nulla
893 382 947 418 sit
959 392 1039 426 res,
1052 393 1188 432 neque
1202 385 1336 427 tanta,
1348 392 1485 432 neque

276 450 363 484 tam
379 448 611 497 improvisa,
622 458 759 497 neque
776 451 863 483 tam
878 458 998 491 nova,
1014 445 1067 484 de
1084 458 1167 497 qua
1180 458 1225 484 se
1241 458 1324 483 non
1335 447 1486 491 omnia,

194 513 259 546 104
276 524 383 563 quae
405 511 484 550 dici
505 516 691 563 possunt,
712 511 985 562 profiteantur
1007 524 1096 549 esse
1118 510 1310 550 dicturos.
1364 510 1486 559 Quod

277 578 310 614 si
333 581 392 622 te,
413 576 551 622 Cotta,
576 577 810 623 arbitrarer,
834 581 908 615 aut
930 581 990 622 te,
1015 575 1181 628 Sulpici,
1200 576 1253 615 de
1279 578 1338 615 eis
1362 576 1485 614 rebus

278 641 419 680 audire
441 641 561 688 velle,
582 641 845 680 adduxissem
870 641 951 680 huc
977 641 1182 681 Graecum
1202 641 1396 694 aliquem,
1415 643 1486 693 qui

278 720 348 746 vos
374 706 604 746 istiusmodi
633 706 980 759 disputationibus
1009 707 1268 748 delectaret:
1300 706 1412 759 quod
1433 719 1486 746 ne

279 786 386 811 nunc
423 772 591 824 quidem
630 772 791 811 difficile
831 771 946 811 factu
984 778 1060 811 est.
1114 772 1192 811 Est
1229 775 1340 811 enim
1377 771 1487 825 apud

281 838 341 876 M.
364 837 568 884 Pisonem,
589 837 894 877 adolescentem
912 840 996 877 iam
1014 837 1108 876 huic
1128 837 1264 877 studio
1285 838 1487 885 deditum,

279 917 438 942 summo
471 902 680 942 hominem
714 905 895 956 ingenio,
924 906 1135 956 nostrique
1169 903 1488 955 cupidissimum,

281 968 583 1021 Peripateticus
617 968 797 1015 Staseas,
828 968 951 1008 homo
984 969 1100 1007 nobis
1134 982 1233 1008 sane
1265 967 1488 1015 familiaris,

281 1039 339 1081 et,
362 1040 410 1073 ut
437 1037 547 1073 inter
574 1034 760 1073 homines
789 1037 944 1086 peritos
974 1040 1162 1073 constare
1193 1034 1327 1081 video,
1348 1036 1392 1073 in
1419 1033 1489 1074 illo

281 1113 354 1138 suo
373 1113 527 1152 genere
547 1102 730 1138 omnium
747 1102 950 1152 princeps.

199 1166 263 1200 105
332 1165 492 1203 XXIII.
523 1164 659 1213 Quem
684 1170 746 1211 tu,
771 1167 921 1217 inquit,
945 1164 1060 1211 mihi,
1085 1165 1263 1212 Mucius,
1288 1164 1489 1212 Staseam,

281 1243 406 1282 quem
425 1229 750 1281 Peripateticum
764 1243 903 1269 narras
922 1230 938 1269 ?
993 1230 1208 1269 Gerendus
1225 1236 1289 1269 est
1307 1231 1383 1269 tibi
1401 1244 1489 1270 mos

282 1295 625 1341 adolescentibus,
638 1295 783 1334 Crasse
798 1309 808 1334 ς
831 1298 902 1348 qui
916 1309 999 1334 non
1012 1295 1158 1335 Graeci
1174 1295 1341 1334 alicuius
1357 1297 1490 1348 quoti-

282 1361 447 1400 dianam
490 1360 786 1413 loquacitatem
819 1363 907 1400 sine
945 1374 1036 1408 usu,
1069 1374 1206 1413 neque
1248 1374 1300 1400 ex
1344 1360 1489 1400 scholis

282 1426 531 1465 cantilenam
546 1429 775 1478 requirunt,
792 1426 866 1465 sed
883 1439 935 1465 ex
951 1426 1116 1465 homine
1133 1429 1315 1465 omnium
1331 1428 1491 1478 sapien-

283 1494 439 1530 tissimo
457 1497 583 1544 atque
601 1491 950 1543 eloquentissimo,
968 1497 1094 1544 atque
1113 1505 1165 1531 ex
1183 1505 1246 1538 eo,
1263 1494 1334 1544 qui
1350 1505 1432 1531 non
1447 1493 1491 1530 in

284 1557 443 1603 libellis,
472 1557 547 1596 sed
574 1559 617 1595 in
645 1559 834 1595 maximis
864 1559 1008 1603 causis,
1039 1563 1084 1596 et
1111 1559 1154 1595 in
1183 1556 1260 1596 hoc
1289 1556 1490 1596 domicilio

284 1625 443 1675 imperii
477 1628 521 1661 et
552 1622 721 1674 gloriae,
744 1624 798 1660 sit
829 1622 994 1661 consilio
1026 1622 1249 1675 linguaque
1277 1624 1491 1674 princeps;

284 1691 397 1727 cuius
423 1690 598 1740 vestigia
617 1690 809 1739 persequi
831 1690 1015 1739 cupiunt,
1038 1690 1125 1727 eius
1146 1690 1397 1727 sententiam
1418 1690 1490 1726 sci-

204 1762 268 1795 106
286 1756 498 1793 scitantur.
571 1753 777 1805 Equidem
813 1758 858 1792 te
899 1767 994 1792 cum
1030 1755 1073 1791 in
1109 1752 1283 1792 dicendo
1329 1766 1492 1804 semper

285 1821 426 1871 putavi
459 1818 598 1864 deum,
630 1823 721 1857 tum
753 1831 848 1857 vero
880 1818 955 1856 tibi
987 1831 1199 1870 nunquam
1231 1817 1491 1870 eloquentiae

287 1886 484 1923 maiorem
521 1884 646 1922 tribui
683 1883 863 1929 laudem,
901 1896 1025 1935 quam
1062 1883 1330 1922 humanitatis
1349 1896 1359 1922 ε
1411 1896 1493 1935 qua

288 1962 395 1988 nunc
416 1954 462 1988 te
485 1951 548 1988 uti
571 1948 635 1988 vel
657 1951 836 1987 maxime
859 1948 996 1996 decet,
1018 1961 1155 2002 neque
1178 1947 1376 2001 defugere
1400 1961 1491 1988 eam

287 2043 339 2080 74
