1560 2294
739 116 943 157 CICERO

235 223 503 261 accusationis
532 223 791 259 exanimatus
811 234 916 267 sum,
936 226 984 259 ut
1003 219 1080 259 hoc
1096 234 1302 260 summum
1321 220 1447 260 bene-

236 296 371 334 ficium
385 294 435 343 Q.
452 294 638 333 Maximo
654 294 882 341 debuerim,
898 294 1010 347 quod
1024 296 1218 334 continuo
1233 294 1445 334 consilium

235 369 448 414 dimiserit,
471 368 591 407 simul
614 382 662 407 ac
683 381 750 407 me
773 367 951 407 fractum
973 381 1021 407 ac
1043 368 1307 408 debilitatum
1327 373 1445 408 metu

234 444 395 482 viderit.

153 530 218 564 122
289 517 367 555 Hic
383 530 524 555 omnes
541 519 708 562 assensi,
724 516 951 569 significare
966 518 1076 555 inter
1091 529 1196 563 sese,
1212 521 1257 555 et
1271 515 1445 568 colloqui

237 596 475 642 coeperunt.
531 591 627 629 Fuit
660 593 770 629 enim
801 590 993 629 mirificus
1026 590 1194 642 quidam
1225 592 1267 628 in
1300 589 1445 630 Crasso

236 665 382 717 pudor,
397 667 466 716 qui
482 670 624 703 tamen
639 678 722 703 non
735 664 858 703 modo
873 677 956 703 non
970 665 1136 703 obesset
1156 667 1242 703 eius
1258 666 1446 712 orationi,

237 739 311 778 sed
330 742 457 777 etiam
474 739 692 790 probitatis
711 738 1068 777 commendatione
1086 738 1313 790 prodesset.

289 812 464 851 XXVII.
494 812 601 851 Tum
631 812 837 851 Antonius
856 826 866 852 t
897 811 1044 864 Saepe,
1075 818 1123 851 ut
1153 812 1268 859 dicis,
1297 815 1446 864 inquit,

239 887 524 933 animadverti,
533 886 692 933 Crasse,
706 892 750 925 et
762 892 822 933 te,
830 891 875 925 et
886 891 1046 925 ceteros
1058 899 1237 925 summos
1249 892 1447 934 oratores,

238 974 475 1014 quanquam
489 961 564 999 tibi
577 974 666 1012 par,
679 974 773 999 mea
786 963 1008 1007 sententia,
1022 974 1144 999 nemo
1157 973 1340 1013 unquam
1352 959 1446 1007 fuit,

154 1044 219 1079 123
238 1038 281 1074 in
317 1035 480 1074 dicenda·
517 1035 684 1074 exordio
721 1037 963 1086 permoveri.
1038 1034 1162 1073 Cuius
1191 1034 1359 1086 quidem
1386 1037 1447 1073 rei

237 1124 332 1149 cum
360 1122 526 1148 causam
559 1122 816 1160 quaererem,
845 1109 1042 1161 quidnam
1073 1114 1184 1147 esset
1216 1122 1301 1155 cur,
1329 1114 1377 1147 ut
1404 1111 1448 1147 in

239 1197 403 1236 quoque
424 1189 586 1221 oratore
605 1183 826 1234 plurimum
847 1188 971 1229 esset,
990 1185 1051 1221 ita
1070 1185 1249 1221 maxime
1268 1185 1303 1221 is
1321 1185 1447 1234 perti-

238 1262 455 1303 mesceret,
475 1256 548 1295 has
569 1270 711 1295 causas
731 1257 992 1295 inveniebam
1012 1256 1113 1295 duas
1133 1270 1142 1295 ε
1177 1270 1316 1303 unam,
1337 1256 1447 1308 quod

239 1331 532 1383 intellegerent
554 1333 607 1377 ei,
627 1344 728 1383 quos
748 1344 844 1369 usus
870 1344 917 1369 ac
935 1336 1085 1369 natura
1109 1330 1328 1376 docuisset,
1347 1343 1447 1369 non-

239 1418 451 1457 nunquam
476 1407 645 1443 summis
671 1405 899 1443 oratoribus
926 1418 1009 1443 non
1034 1407 1133 1443 satis
1160 1417 1213 1443 ex
1238 1407 1447 1443 sententia

240 1485 435 1518 eventum
453 1479 615 1517 dicendi
631 1479 854 1530 procedere
874 1491 884 1525 3
915 1481 975 1517 ita
991 1492 1074 1518 non
1090 1481 1250 1525 iniuria,
1267 1480 1446 1530 quoties-

239 1566 415 1606 cumque
434 1553 633 1599 dicerent,
651 1553 707 1599 id,
725 1553 836 1605 quod
854 1552 1072 1605 aliquando
1090 1558 1230 1604 posset
1248 1552 1447 1599 accidere,

157 1640 222 1672 124
240 1641 292 1666 ne
316 1633 407 1666 tum
431 1627 651 1674 accideret,
675 1629 836 1666 timere.
891 1626 1036 1666 Altera
1060 1632 1125 1665 est
1147 1625 1264 1672 haec,
1288 1626 1341 1666 de
1365 1639 1448 1678 qua

240 1704 356 1753 queri
377 1714 502 1753 saepe
524 1700 635 1740 soleo
654 1715 664 1740 t
701 1706 932 1740 ceterarum
953 1699 1139 1739 homines
1162 1702 1312 1739 artium
1334 1712 1448 1751 spec-

239 1778 318 1813 tati
333 1780 377 1813 et
389 1775 567 1826 probati,
582 1777 614 1813 si
629 1774 793 1826 quando
808 1774 962 1826 aliquid
976 1777 1109 1812 minus
1123 1774 1231 1812 bene
1245 1772 1448 1820 fecerunt,

239 1861 362 1900 quam
377 1848 524 1894 solent,
539 1854 611 1887 aut
626 1848 818 1895 noluisse,
828 1853 901 1887 aut
912 1847 1149 1887 valetudine
1164 1847 1351 1899 impediti
1366 1860 1448 1886 non

238 1925 420 1973 potuisse
444 1924 653 1974 consequi,
679 1922 722 1960 id
751 1921 862 1974 quod
885 1924 1051 1967 scirent,
1077 1926 1304 1972 putantur:
1337 1921 1347 1936 ¹
1366 1920 1448 1959 No·

238 1995 342 2042 luit,'
358 1998 563 2048 inquiunt,
577 1995 587 2011 ⁴
602 1995 725 2034 hodie
748 2008 872 2048 agere
895 1995 1062 2034 Roscius
1078 1995 1113 2041 '3
1150 2000 1237 2040 aut,
1251 1994 1262 2010 ⁸
1277 1994 1448 2034 Crudior

238 2082 290 2119 86
