1560 2294
750 100 955 140 CICERO

185 215 231 250 94
248 205 435 243 uberiore
454 205 533 244 filo.
588 204 696 243 Ecce
714 206 790 243 tibi
809 211 975 244 exortus
995 211 1059 244 est
1077 205 1292 253 Isocrates,
1309 209 1458 260 magis-

248 274 313 306 ter
327 267 555 306 rhetorum1
570 270 766 313 omnium,
779 271 892 307 cuius
909 281 931 306 e
946 268 1057 315 ludo,
1069 273 1269 320 tanquam
1282 282 1334 308 ex
1350 283 1456 322 equo

247 331 434 376 Troiano,
453 333 557 369 meri
575 333 778 382 principes
798 333 989 369 exierunt
1007 343 1017 376 ;
1051 331 1125 370 sed
1147 344 1289 370 eorum
1306 335 1457 384 partim

247 396 290 432 in
308 407 474 445 pompa,
493 396 645 445 partim
663 396 706 431 in
726 396 812 432 acie
831 393 1008 432 illustres
1029 406 1118 432 esse
1137 394 1366 434 voluerunt.

297 456 459 495 XXIII.
489 456 648 508 Atque²
666 461 711 495 et
729 455 800 502 illi,
818 456 1087 508 Theopompi,
1102 456 1270 508 Ephori,
1286 457 1457 504 Philisti,

248 519 496 565 Naucratae,
518 519 721 571 multique
745 519 812 558 alii
834 522 991 558 naturis
1014 518 1222 567 differunt,
1244 520 1457 560 voluntate

248 587 390 621 autem
420 581 571 620 similes
602 587 699 620 sunt
725 588 769 621 et
797 585 906 621 inter
935 595 1025 621 sese
1052 588 1097 621 et
1121 585 1322 635 magistri,
1341 589 1386 623 et
1404 586 1458 631 ei,

248 648 319 697 qui
342 658 385 683 se
410 645 464 683 ad
486 658 628 683 causas
654 644 931 691 contulerunt,
955 650 1003 683 ut
1029 645 1348 693 Demosthenes,
1370 646 1458 700 Hy-

246 707 424 760 perides,
439 707 666 760 Lycurgus,
679 707 918 754 Aeschines,
932 707 1175 754 Dinarchus,
1189 709 1338 761 aliique
1350 723 1458 748 com-

248 771 400 822 plures,
419 773 498 809 etsi
516 773 626 809 inter
644 784 688 809 se
707 784 827 823 pares
851 784 934 810 non
951 770 1135 817 fuerunt,
1154 777 1297 811 tamen
1316 785 1457 812 omnes

248 839 345 872 sunt
372 836 414 872 in
449 834 595 873 eodem
629 836 814 872 veritatis
847 833 1072 872 imitandae
1106 847 1259 886 genere
1293 838 1457 882 versati,

249 910 422 949 quorum
443 896 639 949 quamdiu
658 899 810 935 mansit
828 899 1020 943 imitatio,
1035 897 1195 936 tamdiu
1209 911 1339 949 genus
1358 898 1458 938 illud

185 971 230 1006 95
249 959 411 998 dicendi
445 959 711 1011 studiumque
746 961 861 998 vixit.
919 958 1210 1011 Posteaquam,
1245 963 1457 1000 exstinctis

248 1022 324 1068 his,
351 1024 482 1061 omnis
510 1036 652 1061 eorum
677 1024 876 1060 memoria
902 1025 1053 1060 sensim
1080 1022 1297 1061 obscurata
1323 1029 1388 1062 est
1414 1030 1458 1063 et

249 1087 431 1131 evanuit,
451 1084 531 1123 alia
551 1084 756 1137 quaedam
777 1084 940 1123 dicendi
959 1084 1143 1123 molliora
1163 1098 1211 1123 ac
1229 1088 1458 1126 remissiora

249 1161 403 1200 genera
434 1150 668 1200 viguerunt.
723 1146 827 1186 Inde
860 1147 1153 1194 Demochares,
1186 1161 1311 1199 quem
1343 1151 1458 1188 aiunt

249 1213 392 1250 sororis
409 1210 536 1249 filium
551 1209 676 1249 fuisse
693 1209 987 1249 Demosthenis
1006 1223 1016 1256 ;
1045 1215 1137 1249 tum
1153 1209 1374 1250 Phalereus
1389 1212 1458 1251 ille

249 1274 502 1320 Demetrius,
526 1275 709 1312 omnium
731 1275 917 1320 istorum,
940 1286 1036 1311 mea
1058 1275 1280 1320 sententia,
1303 1274 1458 1326 politis-

248 1339 387 1382 simus,
418 1335 568 1388 aliique
598 1335 745 1375 horum
775 1335 926 1374 similes
957 1338 1220 1375 exstiterunt.
1276 1335 1394 1385 Quae
1424 1340 1457 1376 si

248 1399 430 1438 volemus
446 1412 576 1451 usque
592 1399 646 1438 ad
661 1398 739 1438 hoc
756 1404 920 1451 tempus
935 1401 1141 1451 persequi,
1155 1398 1457 1452 intellegemus,

249 1468 297 1501 ut
330 1461 452 1501 hodie
487 1461 822 1501 Alabandensem
859 1461 973 1500 illum
1009 1461 1258 1508 Meneclem,
1293 1467 1338 1501 et
1372 1465 1458 1502 eius

249 1524 420 1564 fratrem
450 1524 698 1571 Hieroclem,
729 1538 831 1576 quos
863 1538 940 1577 ego
972 1524 1121 1570 audivi,
1152 1529 1244 1563 tota
1272 1527 1459 1564 imitetur

249 1588 376 1626 Asia:
423 1590 479 1626 sic
510 1600 673 1639 semper
702 1586 828 1626 fuisse
861 1587 1054 1639 aliquem,
1085 1589 1198 1626 cuius
1229 1600 1274 1626 se
1307 1587 1457 1627 similes

187 1674 230 1707 96
248 1650 433 1702 plerique
453 1663 542 1689 esse
561 1650 727 1688 vellent.
776 1650 895 1688 Hanc
914 1652 1040 1702 igitur
1059 1649 1367 1689 similitudinem
1387 1653 1456 1703 qui

248 1715 479 1752 imitatione
495 1715 657 1765 assequi
672 1712 796 1759 volet,
811 1726 904 1751 cum
925 1713 1287 1751 exercitationibus
1306 1713 1456 1752 crebris

249 1781 375 1828 atque
401 1778 575 1828 magnis,
598 1781 688 1814 tum
712 1775 926 1814 scribendo
951 1778 1131 1814 maxime
1156 1781 1456 1827 persequatur:

248 1839 359 1891 quod
374 1841 406 1877 si
425 1838 491 1877 hic
510 1843 650 1877 noster
665 1837 863 1889 Sulpicius
883 1836 1054 1882 faceret,
1069 1837 1200 1876 multo
1220 1840 1306 1876 eius
1326 1840 1456 1877 oratio

249 1907 360 1940 esset
387 1903 591 1953 pressior;
619 1904 662 1939 in
688 1914 770 1952 qua
796 1914 903 1939 nunc
928 1900 1152 1947 interdum,
1179 1906 1227 1939 ut
1251 1903 1294 1938 in
1319 1899 1455 1939 herbis

292 1980 306 2002 ²
329 1980 512 2015 rhetorum
527 1979 646 2015 Reid.-
672 1981 833 2014 istorum.
879 1979 894 2000 ¹
918 1978 1038 2023 Atque
1058 1979 1243 2019 Wilkim.2
1269 1978 1408 2023 Itaque.

251 2060 324 2096 268
