<?xml version="1.0" encoding="UTF-8"?>
<!DOCTYPE html PUBLIC "-//W3C//DTD XHTML 1.0 Transitional//EN"
    "http://www.w3.org/TR/xhtml1/DTD/xhtml1-transitional.dtd">
<html xmlns="http://www.w3.org/1999/xhtml" xml:lang="en" lang="en">
 <head>
  <title>
</title>
<meta http-equiv="Content-Type" content="text/html;charset=utf-8" />
  <meta name='ocr-system' content='tesseract 3.04.00' />
  <meta name='ocr-capabilities' content='ocr_page ocr_carea ocr_par ocr_line ocrx_word'/>
</head>
<body>
  <div class='ocr_page' id='page_1' title='image "./cicerodeoratore01ciceuoft_0506.png"; bbox 0 0 1560 2294; ppageno 0'>
   <div class='ocr_carea' id='block_1_1' title="bbox 770 135 974 175">
    <p class='ocr_par' dir='ltr' id='par_1_1' title="bbox 770 135 974 175">
     <span class='ocr_line' id='line_1_1' title="bbox 770 135 974 175; baseline 0 0"><span class='ocrx_word' id='word_1_1' title='bbox 770 135 974 175; x_wconf 90' lang='lat' dir='ltr'>CICERO</span> 
     </span>
    </p>
   </div>
   <div class='ocr_carea' id='block_1_2' title="bbox 185 235 1485 1929">
    <p class='ocr_par' dir='ltr' id='par_1_2' title="bbox 266 235 1481 818">
     <span class='ocr_line' id='line_1_2' title="bbox 267 235 1478 294; baseline -0.006 -14"><span class='ocrx_word' id='word_1_2' title='bbox 267 247 311 280; x_wconf 87' lang='lat' dir='ltr'>et</span> <span class='ocrx_word' id='word_1_3' title='bbox 347 241 606 294; x_wconf 83' lang='lat' dir='ltr'><strong>diligentiam</strong></span> <span class='ocrx_word' id='word_1_4' title='bbox 639 241 816 279; x_wconf 91' lang='lat' dir='ltr'>admiror</span> <span class='ocrx_word' id='word_1_5' title='bbox 849 245 894 279; x_wconf 87' lang='lat' dir='ltr'>et</span> <span class='ocrx_word' id='word_1_6' title='bbox 925 238 1045 278; x_wconf 92' lang='lat' dir='ltr'>simul</span> <span class='ocrx_word' id='word_1_7' title='bbox 1089 237 1252 290; x_wconf 88' lang='lat' dir='ltr'>gaudeo</span> <span class='ocrx_word' id='word_1_8' title='bbox 1284 235 1478 274; x_wconf 88' lang='lat' dir='ltr'>iudicium</span> 
     </span>
     <span class='ocr_line' id='line_1_3' title="bbox 267 303 1479 358; baseline -0.005 -14"><span class='ocrx_word' id='word_1_9' title='bbox 267 309 391 345; x_wconf 85' lang='lat' dir='ltr'>animi</span> <span class='ocrx_word' id='word_1_10' title='bbox 414 310 496 346; x_wconf 88' lang='lat' dir='ltr'>mei</span> <span class='ocrx_word' id='word_1_11' title='bbox 522 307 778 358; x_wconf 88' lang='lat' dir='ltr'>comprobari</span> <span class='ocrx_word' id='word_1_12' title='bbox 797 305 909 357; x_wconf 93' lang='lat' dir='ltr'>quod</span> <span class='ocrx_word' id='word_1_13' title='bbox 933 317 1097 356; x_wconf 87' lang='lat' dir='ltr'>semper</span> <span class='ocrx_word' id='word_1_14' title='bbox 1115 305 1244 342; x_wconf 84' lang='lat' dir='ltr'>statui</span> <span class='ocrx_word' id='word_1_15' title='bbox 1271 303 1479 340; x_wconf 90' lang='lat' dir='ltr'>neminem</span> 
     </span>
     <span class='ocr_line' id='line_1_4' title="bbox 266 365 1480 424; baseline -0.006 -13"><span class='ocrx_word' id='word_1_16' title='bbox 266 375 495 424; x_wconf 85' lang='lat' dir='ltr'>sapientiae</span> <span class='ocrx_word' id='word_1_17' title='bbox 515 372 682 411; x_wconf 90' lang='lat' dir='ltr'>laudem</span> <span class='ocrx_word' id='word_1_18' title='bbox 704 377 749 411; x_wconf 89' lang='lat' dir='ltr'>et</span> <span class='ocrx_word' id='word_1_19' title='bbox 770 371 1032 423; x_wconf 80' lang='lat' dir='ltr'>eloquentiae</span> <span class='ocrx_word' id='word_1_20' title='bbox 1054 371 1141 408; x_wconf 90' lang='lat' dir='ltr'>sine</span> <span class='ocrx_word' id='word_1_21' title='bbox 1162 380 1322 407; x_wconf 91' lang='lat' dir='ltr'>summo</span> <span class='ocrx_word' id='word_1_22' title='bbox 1343 365 1480 405; x_wconf 86' lang='lat' dir='ltr'>studio</span> 
     </span>
     <span class='ocr_line' id='line_1_5' title="bbox 267 432 1480 488; baseline -0.007 -10"><span class='ocrx_word' id='word_1_23' title='bbox 267 444 312 477; x_wconf 89' lang='lat' dir='ltr'>et</span> <span class='ocrx_word' id='word_1_24' title='bbox 342 439 482 477; x_wconf 90' lang='lat' dir='ltr'>labore</span> <span class='ocrx_word' id='word_1_25' title='bbox 515 444 559 477; x_wconf 89' lang='lat' dir='ltr'>et</span> <span class='ocrx_word' id='word_1_26' title='bbox 591 438 778 477; x_wconf 91' lang='lat' dir='ltr'>doctrina</span> <span class='ocrx_word' id='word_1_27' title='bbox 810 438 1004 488; x_wconf 89' lang='lat' dir='ltr'>consequi</span> <span class='ocrx_word' id='word_1_28' title='bbox 1035 448 1168 487; x_wconf 91' lang='lat' dir='ltr'>posse.</span> <span class='ocrx_word' id='word_1_29' title='bbox 1224 432 1307 472; x_wconf 85' lang='lat' dir='ltr'>Sed</span> <span class='ocrx_word' id='word_1_30' title='bbox 1337 437 1480 471; x_wconf 83' lang='lat' dir='ltr'>tamen</span> 
     </span>
     <span class='ocr_line' id='line_1_6' title="bbox 266 501 1480 556; baseline -0.006 -13"><span class='ocrx_word' id='word_1_31' title='bbox 266 504 464 556; x_wconf 88' lang='lat' dir='ltr'>quidnam</span> <span class='ocrx_word' id='word_1_32' title='bbox 487 510 551 543; x_wconf 92' lang='lat' dir='ltr'>est</span> <span class='ocrx_word' id='word_1_33' title='bbox 577 504 688 556; x_wconf 93' lang='lat' dir='ltr'>quod</span> <span class='ocrx_word' id='word_1_34' title='bbox 717 503 857 542; x_wconf 84' lang='lat' dir='ltr'>dixisti</span> <span class='ocrx_word' id='word_1_35' title='bbox 885 501 973 540; x_wconf 86' lang='lat' dir='ltr'>fore</span> <span class='ocrx_word' id='word_1_36' title='bbox 996 507 1044 540; x_wconf 93' lang='lat' dir='ltr'>ut</span> <span class='ocrx_word' id='word_1_37' title='bbox 1071 501 1149 539; x_wconf 92' lang='lat' dir='ltr'>tibi</span> <span class='ocrx_word' id='word_1_38' title='bbox 1175 502 1480 552; x_wconf 87' lang='lat' dir='ltr'>ignosceremus</span> 
     </span>
     <span class='ocr_line' id='line_1_7' title="bbox 266 565 1480 622; baseline -0.007 -13"><span class='ocrx_word' id='word_1_39' title='bbox 266 573 300 608; x_wconf 95' lang='lat' dir='ltr'>si</span> <span class='ocrx_word' id='word_1_40' title='bbox 327 583 617 622; x_wconf 87' lang='lat' dir='ltr'>cognossemus</span> <span class='ocrx_word' id='word_1_41' title='bbox 646 582 753 621; x_wconf 89' lang='lat' dir='ltr'>quae</span> <span class='ocrx_word' id='word_1_42' title='bbox 787 574 831 607; x_wconf 89' lang='lat' dir='ltr'>te</span> <span class='ocrx_word' id='word_1_43' title='bbox 860 581 983 607; x_wconf 89' lang='lat' dir='ltr'>causa</span> <span class='ocrx_word' id='word_1_44' title='bbox 1009 570 1053 605; x_wconf 90' lang='lat' dir='ltr'>in</span> <span class='ocrx_word' id='word_1_45' title='bbox 1080 578 1312 605; x_wconf 88' lang='lat' dir='ltr'>sermonem</span> <span class='ocrx_word' id='word_1_46' title='bbox 1348 565 1480 614; x_wconf 89' lang='lat' dir='ltr'>impu-</span> 
     </span>
     <span class='ocr_line' id='line_1_8' title="bbox 266 630 1481 684; baseline -0.006 -9"><span class='ocrx_word' id='word_1_47' title='bbox 266 636 382 675; x_wconf 86' lang='lat' dir='ltr'>lisset</span> <span class='ocrx_word' id='word_1_48' title='bbox 399 636 415 674; x_wconf 89' lang='lat'>?</span> <span class='ocrx_word' id='word_1_49' title='bbox 470 635 588 684; x_wconf 83' lang='lat' dir='ltr'>Quae</span> <span class='ocrx_word' id='word_1_50' title='bbox 613 641 678 674; x_wconf 89' lang='lat' dir='ltr'>est</span> <span class='ocrx_word' id='word_1_51' title='bbox 702 637 812 673; x_wconf 89' lang='lat' dir='ltr'>enim</span> <span class='ocrx_word' id='word_1_52' title='bbox 830 634 909 672; x_wconf 88' lang='lat' dir='ltr'>alia</span> <span class='ocrx_word' id='word_1_53' title='bbox 925 646 1049 672; x_wconf 89' lang='lat' dir='ltr'>causa</span> <span class='ocrx_word' id='word_1_54' title='bbox 1065 635 1142 671; x_wconf 92' lang='lat' dir='ltr'>nisi</span> <span class='ocrx_word' id='word_1_55' title='bbox 1165 630 1278 684; x_wconf 92' lang='lat' dir='ltr'>quod</span> <span class='ocrx_word' id='word_1_56' title='bbox 1302 630 1419 668; x_wconf 88' lang='lat' dir='ltr'>nobis</span> <span class='ocrx_word' id='word_1_57' title='bbox 1436 634 1481 668; x_wconf 89' lang='lat' dir='ltr'>et</span> 
     </span>
     <span class='ocr_line' id='line_1_9' title="bbox 267 697 1480 750; baseline -0.006 -10"><span class='ocrx_word' id='word_1_58' title='bbox 267 701 414 740; x_wconf 91' lang='lat' dir='ltr'>horum</span> <span class='ocrx_word' id='word_1_59' title='bbox 452 701 776 740; x_wconf 88' lang='lat' dir='ltr'>adolescentium</span> <span class='ocrx_word' id='word_1_60' title='bbox 815 699 967 745; x_wconf 88' lang='lat' dir='ltr'>studio,</span> <span class='ocrx_word' id='word_1_61' title='bbox 1005 701 1075 750; x_wconf 92' lang='lat' dir='ltr'>qui</span> <span class='ocrx_word' id='word_1_62' title='bbox 1116 703 1161 736; x_wconf 90' lang='lat' dir='ltr'>te</span> <span class='ocrx_word' id='word_1_63' title='bbox 1203 697 1480 736; x_wconf 84' lang='lat' dir='ltr'>attentissime</span> 
     </span>
     <span class='ocr_line' id='line_1_10' title="bbox 269 765 1060 818; baseline -0.005 -12"><span class='ocrx_word' id='word_1_64' title='bbox 269 767 503 813; x_wconf 87' lang='lat' dir='ltr'>audierunt,</span> <span class='ocrx_word' id='word_1_65' title='bbox 522 780 681 805; x_wconf 89' lang='lat' dir='ltr'>morem</span> <span class='ocrx_word' id='word_1_66' title='bbox 700 779 846 818; x_wconf 89' lang='lat' dir='ltr'>gerere</span> <span class='ocrx_word' id='word_1_67' title='bbox 866 765 1060 804; x_wconf 86' lang='lat' dir='ltr'>voluisti?</span> 
     </span>
    </p>

    <p class='ocr_par' dir='ltr' id='par_1_3' title="bbox 185 830 1485 1866">
     <span class='ocr_line' id='line_1_11' title="bbox 185 830 1482 883; baseline -0.005 -11"><span class='ocrx_word' id='word_1_68' title='bbox 185 846 252 878; x_wconf 80' lang='lat'>364</span> <span class='ocrx_word' id='word_1_69' title='bbox 322 833 428 871; x_wconf 93' lang='lat' dir='ltr'>Tum</span> <span class='ocrx_word' id='word_1_70' title='bbox 455 833 523 871; x_wconf 88' lang='lat' dir='ltr'>ille</span> <span class='ocrx_word' id='word_1_71' title='bbox 544 846 552 871; x_wconf 90' lang='lat'>:</span> <span class='ocrx_word' id='word_1_72' title='bbox 584 832 795 877; x_wconf 90' lang='lat' dir='ltr'>Adimere,</span> <span class='ocrx_word' id='word_1_73' title='bbox 819 834 968 883; x_wconf 91' lang='lat' dir='ltr'>inquit,</span> <span class='ocrx_word' id='word_1_74' title='bbox 991 843 1158 868; x_wconf 90' lang='lat' dir='ltr'>omnem</span> <span class='ocrx_word' id='word_1_75' title='bbox 1180 830 1482 868; x_wconf 81' lang='lat' dir='ltr'>recusationem</span> 
     </span>
     <span class='ocr_line' id='line_1_12' title="bbox 270 892 1481 949; baseline -0.005 -12"><span class='ocrx_word' id='word_1_76' title='bbox 270 898 415 937; x_wconf 84' lang='lat' dir='ltr'>Crasso</span> <span class='ocrx_word' id='word_1_77' title='bbox 448 898 556 937; x_wconf 90' lang='lat' dir='ltr'>volui</span> <span class='ocrx_word' id='word_1_78' title='bbox 590 911 713 949; x_wconf 90' lang='lat' dir='ltr'>quem</span> <span class='ocrx_word' id='word_1_79' title='bbox 745 911 822 949; x_wconf 87' lang='lat' dir='ltr'>ego</span> <span class='ocrx_word' id='word_1_80' title='bbox 853 896 976 948; x_wconf 91' lang='lat' dir='ltr'>paulo</span> <span class='ocrx_word' id='word_1_81' title='bbox 1007 901 1105 935; x_wconf 86' lang='lat' dir='ltr'>ante</span> <span class='ocrx_word' id='word_1_82' title='bbox 1143 895 1390 934; x_wconf 84' lang='lat' dir='ltr'>sentiebam¹</span> <span class='ocrx_word' id='word_1_83' title='bbox 1416 892 1481 932; x_wconf 91' lang='lat' dir='ltr'>vel</span> 
     </span>
     <span class='ocr_line' id='line_1_13' title="bbox 270 960 1482 1016; baseline -0.005 -13"><span class='ocrx_word' id='word_1_84' title='bbox 270 964 492 1016; x_wconf 88' lang='lat' dir='ltr'>pudentius</span> <span class='ocrx_word' id='word_1_85' title='bbox 513 964 578 1002; x_wconf 89' lang='lat' dir='ltr'>vel</span> <span class='ocrx_word' id='word_1_86' title='bbox 597 966 778 1008; x_wconf 91' lang='lat' dir='ltr'>invitius,</span> <span class='ocrx_word' id='word_1_87' title='bbox 797 962 891 1001; x_wconf 93' lang='lat' dir='ltr'>nolo</span> <span class='ocrx_word' id='word_1_88' title='bbox 907 964 1017 1000; x_wconf 88' lang='lat' dir='ltr'>enim</span> <span class='ocrx_word' id='word_1_89' title='bbox 1032 961 1168 1000; x_wconf 82' lang='lat' dir='ltr'>dicere</span> <span class='ocrx_word' id='word_1_90' title='bbox 1188 960 1241 999; x_wconf 91' lang='lat' dir='ltr'>de</span> <span class='ocrx_word' id='word_1_91' title='bbox 1261 965 1349 999; x_wconf 88' lang='lat' dir='ltr'>tam</span> <span class='ocrx_word' id='word_1_92' title='bbox 1368 960 1482 997; x_wconf 88' lang='lat' dir='ltr'>suavi</span> 
     </span>
     <span class='ocr_line' id='line_1_14' title="bbox 271 1025 1480 1080; baseline -0.004 -12"><span class='ocrx_word' id='word_1_93' title='bbox 271 1030 436 1068; x_wconf 88' lang='lat' dir='ltr'>homine</span> <span class='ocrx_word' id='word_1_94' title='bbox 455 1029 721 1074; x_wconf 86' lang='lat' dir='ltr'>fastidiosius,</span> <span class='ocrx_word' id='word_1_95' title='bbox 736 1029 789 1067; x_wconf 83' lang='lat' dir='ltr'>ad</span> <span class='ocrx_word' id='word_1_96' title='bbox 808 1027 885 1067; x_wconf 90' lang='lat' dir='ltr'>hoc</span> <span class='ocrx_word' id='word_1_97' title='bbox 903 1040 1034 1080; x_wconf 88' lang='lat' dir='ltr'>genus</span> <span class='ocrx_word' id='word_1_98' title='bbox 1054 1029 1252 1065; x_wconf 88' lang='lat' dir='ltr'>sermonis</span> <span class='ocrx_word' id='word_1_99' title='bbox 1271 1025 1480 1064; x_wconf 89' lang='lat' dir='ltr'>accedere.</span> 
     </span>
     <span class='ocr_line' id='line_1_15' title="bbox 271 1092 1482 1147; baseline -0.005 -12"><span class='ocrx_word' id='word_1_100' title='bbox 271 1095 382 1143; x_wconf 83' lang='lat' dir='ltr'>Quid</span> <span class='ocrx_word' id='word_1_101' title='bbox 419 1098 529 1134; x_wconf 88' lang='lat' dir='ltr'>enim</span> <span class='ocrx_word' id='word_1_102' title='bbox 565 1097 722 1147; x_wconf 85' lang='lat' dir='ltr'>poterit</span> <span class='ocrx_word' id='word_1_103' title='bbox 758 1094 894 1132; x_wconf 85' lang='lat' dir='ltr'>dicere</span> <span class='ocrx_word' id='word_1_104' title='bbox 914 1094 929 1131; x_wconf 88' lang='lat'>?</span> <span class='ocrx_word' id='word_1_105' title='bbox 1002 1092 1268 1131; x_wconf 86' lang='lat' dir='ltr'>Consularem</span> <span class='ocrx_word' id='word_1_106' title='bbox 1309 1104 1353 1130; x_wconf 91' lang='lat' dir='ltr'>se</span> <span class='ocrx_word' id='word_1_107' title='bbox 1392 1103 1482 1129; x_wconf 90' lang='lat' dir='ltr'>esse</span> 
     </span>
     <span class='ocr_line' id='line_1_16' title="bbox 270 1158 1480 1200; baseline -0.004 0"><span class='ocrx_word' id='word_1_108' title='bbox 270 1161 479 1200; x_wconf 91' lang='lat' dir='ltr'>hominem</span> <span class='ocrx_word' id='word_1_109' title='bbox 506 1166 550 1199; x_wconf 88' lang='lat' dir='ltr'>et</span> <span class='ocrx_word' id='word_1_110' title='bbox 577 1160 841 1199; x_wconf 89' lang='lat' dir='ltr'>censorium?</span> <span class='ocrx_word' id='word_1_111' title='bbox 898 1158 1058 1197; x_wconf 89' lang='lat' dir='ltr'>Eadem</span> <span class='ocrx_word' id='word_1_112' title='bbox 1084 1163 1225 1196; x_wconf 88' lang='lat' dir='ltr'>nostra</span> <span class='ocrx_word' id='word_1_113' title='bbox 1252 1169 1376 1196; x_wconf 86' lang='lat' dir='ltr'>causa</span> <span class='ocrx_word' id='word_1_114' title='bbox 1403 1161 1480 1195; x_wconf 81' lang='lat' dir='ltr'>est.</span> 
     </span>
     <span class='ocr_line' id='line_1_17' title="bbox 271 1222 1482 1273; baseline -0.005 -7"><span class='ocrx_word' id='word_1_115' title='bbox 271 1228 338 1266; x_wconf 91' lang='lat' dir='ltr'>An</span> <span class='ocrx_word' id='word_1_116' title='bbox 359 1233 544 1266; x_wconf 86' lang='lat' dir='ltr'>aetatem</span> <span class='ocrx_word' id='word_1_117' title='bbox 560 1225 734 1264; x_wconf 86' lang='lat' dir='ltr'>afferet?</span> <span class='ocrx_word' id='word_1_118' title='bbox 781 1224 1061 1273; x_wconf 84' lang='lat' dir='ltr'>Quadriennio</span> <span class='ocrx_word' id='word_1_119' title='bbox 1076 1226 1209 1261; x_wconf 92' lang='lat' dir='ltr'>minor</span> <span class='ocrx_word' id='word_1_120' title='bbox 1224 1228 1300 1261; x_wconf 89' lang='lat' dir='ltr'>est.</span> <span class='ocrx_word' id='word_1_121' title='bbox 1355 1222 1423 1260; x_wconf 92' lang='lat' dir='ltr'>An</span> <span class='ocrx_word' id='word_1_122' title='bbox 1437 1234 1482 1260; x_wconf 91' lang='lat' dir='ltr'>se</span> 
     </span>
     <span class='ocr_line' id='line_1_18' title="bbox 271 1289 1482 1342; baseline -0.005 -11"><span class='ocrx_word' id='word_1_123' title='bbox 271 1293 373 1331; x_wconf 88' lang='lat' dir='ltr'>haec</span> <span class='ocrx_word' id='word_1_124' title='bbox 393 1293 584 1331; x_wconf 84' lang='lat' dir='ltr'>nescire?</span> <span class='ocrx_word' id='word_1_125' title='bbox 639 1291 758 1340; x_wconf 89' lang='lat' dir='ltr'>Quae</span> <span class='ocrx_word' id='word_1_126' title='bbox 783 1304 860 1342; x_wconf 85' lang='lat' dir='ltr'>ego</span> <span class='ocrx_word' id='word_1_127' title='bbox 887 1303 992 1336; x_wconf 88' lang='lat' dir='ltr'>sero,</span> <span class='ocrx_word' id='word_1_128' title='bbox 1012 1302 1119 1341; x_wconf 90' lang='lat' dir='ltr'>quae</span> <span class='ocrx_word' id='word_1_129' title='bbox 1143 1291 1290 1326; x_wconf 92' lang='lat' dir='ltr'>cursim</span> <span class='ocrx_word' id='word_1_130' title='bbox 1317 1289 1482 1339; x_wconf 86' lang='lat' dir='ltr'>arripui,</span> 
     </span>
     <span class='ocr_line' id='line_1_19' title="bbox 272 1358 1483 1411; baseline -0.005 -14"><span class='ocrx_word' id='word_1_131' title='bbox 272 1373 378 1411; x_wconf 89' lang='lat' dir='ltr'>quae</span> <span class='ocrx_word' id='word_1_132' title='bbox 399 1359 608 1397; x_wconf 88' lang='lat' dir='ltr'>subsicivis</span> <span class='ocrx_word' id='word_1_133' title='bbox 628 1359 777 1408; x_wconf 87' lang='lat' dir='ltr'>operis,</span> <span class='ocrx_word' id='word_1_134' title='bbox 797 1361 845 1394; x_wconf 91' lang='lat' dir='ltr'>ut</span> <span class='ocrx_word' id='word_1_135' title='bbox 864 1358 995 1401; x_wconf 89' lang='lat' dir='ltr'>aiunt,</span> <span class='ocrx_word' id='word_1_136' title='bbox 1014 1358 1094 1393; x_wconf 88' lang='lat' dir='ltr'>iste</span> <span class='ocrx_word' id='word_1_137' title='bbox 1118 1367 1142 1392; x_wconf 89' lang='lat' dir='ltr'>a</span> <span class='ocrx_word' id='word_1_138' title='bbox 1160 1367 1304 1405; x_wconf 90' lang='lat' dir='ltr'>puero,</span> <span class='ocrx_word' id='word_1_139' title='bbox 1323 1366 1483 1392; x_wconf 91' lang='lat' dir='ltr'>summo</span> 
     </span>
     <span class='ocr_line' id='line_1_20' title="bbox 271 1419 1483 1471; baseline -0.006 -7"><span class='ocrx_word' id='word_1_140' title='bbox 271 1425 422 1471; x_wconf 90' lang='lat' dir='ltr'>studio,</span> <span class='ocrx_word' id='word_1_141' title='bbox 445 1427 613 1463; x_wconf 88' lang='lat' dir='ltr'>summis</span> <span class='ocrx_word' id='word_1_142' title='bbox 634 1423 881 1461; x_wconf 89' lang='lat' dir='ltr'>doctoribus.</span> <span class='ocrx_word' id='word_1_143' title='bbox 938 1420 1048 1459; x_wconf 93' lang='lat' dir='ltr'>Nihil</span> <span class='ocrx_word' id='word_1_144' title='bbox 1071 1420 1205 1458; x_wconf 87' lang='lat' dir='ltr'>dicam</span> <span class='ocrx_word' id='word_1_145' title='bbox 1227 1419 1280 1458; x_wconf 92' lang='lat' dir='ltr'>de</span> <span class='ocrx_word' id='word_1_146' title='bbox 1302 1421 1483 1471; x_wconf 87' lang='lat' dir='ltr'>ingenio,</span> 
     </span>
     <span class='ocr_line' id='line_1_21' title="bbox 270 1485 1482 1542; baseline -0.005 -13"><span class='ocrx_word' id='word_1_147' title='bbox 270 1494 335 1529; x_wconf 91' lang='lat' dir='ltr'>cui</span> <span class='ocrx_word' id='word_1_148' title='bbox 355 1504 430 1542; x_wconf 90' lang='lat' dir='ltr'>par</span> <span class='ocrx_word' id='word_1_149' title='bbox 449 1503 572 1528; x_wconf 91' lang='lat' dir='ltr'>nemo</span> <span class='ocrx_word' id='word_1_150' title='bbox 590 1488 672 1527; x_wconf 88' lang='lat' dir='ltr'>fuit</span> <span class='ocrx_word' id='word_1_151' title='bbox 690 1501 700 1534; x_wconf 92' lang='lat'>;</span> <span class='ocrx_word' id='word_1_152' title='bbox 730 1490 886 1526; x_wconf 89' lang='lat' dir='ltr'>etenim</span> <span class='ocrx_word' id='word_1_153' title='bbox 904 1500 971 1525; x_wconf 91' lang='lat' dir='ltr'>me</span> <span class='ocrx_word' id='word_1_154' title='bbox 991 1486 1201 1525; x_wconf 88' lang='lat' dir='ltr'>dicentem</span> <span class='ocrx_word' id='word_1_155' title='bbox 1218 1488 1289 1537; x_wconf 92' lang='lat' dir='ltr'>qui</span> <span class='ocrx_word' id='word_1_156' title='bbox 1307 1485 1482 1531; x_wconf 83' lang='lat' dir='ltr'>audiret,</span> 
     </span>
     <span class='ocr_line' id='line_1_22' title="bbox 272 1550 1483 1607; baseline -0.005 -12"><span class='ocrx_word' id='word_1_157' title='bbox 272 1570 393 1595; x_wconf 89' lang='lat' dir='ltr'>nemo</span> <span class='ocrx_word' id='word_1_158' title='bbox 417 1569 601 1607; x_wconf 90' lang='lat' dir='ltr'>unquam</span> <span class='ocrx_word' id='word_1_159' title='bbox 618 1560 706 1593; x_wconf 89' lang='lat' dir='ltr'>tam</span> <span class='ocrx_word' id='word_1_160' title='bbox 724 1555 786 1592; x_wconf 93' lang='lat' dir='ltr'>sui</span> <span class='ocrx_word' id='word_1_161' title='bbox 812 1553 1042 1604; x_wconf 89' lang='lat' dir='ltr'>despiciens</span> <span class='ocrx_word' id='word_1_162' title='bbox 1066 1550 1148 1590; x_wconf 79' lang='lat' dir='ltr'>fuit</span> <span class='ocrx_word' id='word_1_163' title='bbox 1173 1553 1272 1603; x_wconf 89' lang='lat' dir='ltr'>quin</span> <span class='ocrx_word' id='word_1_164' title='bbox 1297 1555 1483 1603; x_wconf 84' lang='lat' dir='ltr'>speraret</span> 
     </span>
     <span class='ocr_line' id='line_1_23' title="bbox 273 1616 1483 1669; baseline -0.004 -8"><span class='ocrx_word' id='word_1_165' title='bbox 273 1628 346 1661; x_wconf 90' lang='lat' dir='ltr'>aut</span> <span class='ocrx_word' id='word_1_166' title='bbox 364 1621 510 1660; x_wconf 90' lang='lat' dir='ltr'>melius</span> <span class='ocrx_word' id='word_1_167' title='bbox 531 1626 604 1659; x_wconf 90' lang='lat' dir='ltr'>aut</span> <span class='ocrx_word' id='word_1_168' title='bbox 628 1619 775 1658; x_wconf 89' lang='lat' dir='ltr'>eodem</span> <span class='ocrx_word' id='word_1_169' title='bbox 794 1618 917 1657; x_wconf 91' lang='lat' dir='ltr'>modo</span> <span class='ocrx_word' id='word_1_170' title='bbox 937 1631 981 1656; x_wconf 90' lang='lat' dir='ltr'>se</span> <span class='ocrx_word' id='word_1_171' title='bbox 1004 1630 1124 1669; x_wconf 88' lang='lat' dir='ltr'>posse</span> <span class='ocrx_word' id='word_1_172' title='bbox 1148 1616 1284 1656; x_wconf 89' lang='lat' dir='ltr'>dicere</span> <span class='ocrx_word' id='word_1_173' title='bbox 1301 1630 1310 1656; x_wconf 72' lang='grc' dir='ltr'><strong>ε</strong></span> <span class='ocrx_word' id='word_1_174' title='bbox 1338 1616 1483 1656; x_wconf 80' lang='lat' dir='ltr'>Crasso</span> 
     </span>
     <span class='ocr_line' id='line_1_24' title="bbox 273 1682 1484 1736; baseline -0.007 -9"><span class='ocrx_word' id='word_1_175' title='bbox 273 1689 437 1727; x_wconf 87' lang='lat' dir='ltr'>dicente</span> <span class='ocrx_word' id='word_1_176' title='bbox 457 1700 580 1725; x_wconf 91' lang='lat' dir='ltr'>nemo</span> <span class='ocrx_word' id='word_1_177' title='bbox 603 1691 692 1724; x_wconf 88' lang='lat' dir='ltr'>tam</span> <span class='ocrx_word' id='word_1_178' title='bbox 711 1697 920 1736; x_wconf 85' lang='lat' dir='ltr'>arrogans,</span> <span class='ocrx_word' id='word_1_179' title='bbox 940 1686 1010 1735; x_wconf 93' lang='lat' dir='ltr'>qui</span> <span class='ocrx_word' id='word_1_180' title='bbox 1033 1682 1220 1721; x_wconf 89' lang='lat' dir='ltr'>similiter</span> <span class='ocrx_word' id='word_1_181' title='bbox 1238 1695 1283 1721; x_wconf 90' lang='lat' dir='ltr'>se</span> <span class='ocrx_word' id='word_1_182' title='bbox 1302 1695 1484 1734; x_wconf 91' lang='lat' dir='ltr'>unquam</span> 
     </span>
     <span class='ocr_line' id='line_1_25' title="bbox 273 1746 1485 1798; baseline -0.005 -6"><span class='ocrx_word' id='word_1_183' title='bbox 273 1755 478 1793; x_wconf 89' lang='lat' dir='ltr'>dicturum</span> <span class='ocrx_word' id='word_1_184' title='bbox 502 1765 591 1791; x_wconf 91' lang='lat' dir='ltr'>esse</span> <span class='ocrx_word' id='word_1_185' title='bbox 615 1750 854 1790; x_wconf 85' lang='lat' dir='ltr'>confideret.</span> <span class='ocrx_word' id='word_1_186' title='bbox 911 1749 1045 1798; x_wconf 89' lang='lat' dir='ltr'>Quam</span> <span class='ocrx_word' id='word_1_187' title='bbox 1070 1749 1124 1787; x_wconf 94' lang='lat' dir='ltr'>ob</span> <span class='ocrx_word' id='word_1_188' title='bbox 1146 1761 1234 1786; x_wconf 90' lang='lat' dir='ltr'>rem</span> <span class='ocrx_word' id='word_1_189' title='bbox 1257 1761 1310 1786; x_wconf 88' lang='lat' dir='ltr'>ne</span> <span class='ocrx_word' id='word_1_190' title='bbox 1333 1746 1485 1787; x_wconf 83' lang='lat' dir='ltr'>frustra</span> 
     </span>
     <span class='ocr_line' id='line_1_26' title="bbox 273 1813 1483 1866; baseline -0.004 -8"><span class='ocrx_word' id='word_1_191' title='bbox 273 1820 315 1858; x_wconf 93' lang='lat' dir='ltr'>hi</span> <span class='ocrx_word' id='word_1_192' title='bbox 331 1819 435 1858; x_wconf 83' lang='lat' dir='ltr'>tales</span> <span class='ocrx_word' id='word_1_193' title='bbox 451 1821 523 1857; x_wconf 89' lang='lat' dir='ltr'>viri</span> <span class='ocrx_word' id='word_1_194' title='bbox 540 1819 743 1862; x_wconf 87' lang='lat' dir='ltr'>venerint,</span> <span class='ocrx_word' id='word_1_195' title='bbox 758 1822 802 1854; x_wconf 89' lang='lat' dir='ltr'>te</span> <span class='ocrx_word' id='word_1_196' title='bbox 823 1814 1057 1866; x_wconf 88' lang='lat' dir='ltr'>aliquando,</span> <span class='ocrx_word' id='word_1_197' title='bbox 1077 1813 1237 1860; x_wconf 89' lang='lat' dir='ltr'>Crasse,</span> <span class='ocrx_word' id='word_1_198' title='bbox 1256 1813 1483 1853; x_wconf 85' lang='lat' dir='ltr'>audiamus.</span> 
     </span>
    </p>

    <p class='ocr_par' dir='ltr' id='par_1_4' title="bbox 686 1885 1072 1929">
     <span class='ocr_line' id='line_1_27' title="bbox 686 1885 1072 1929; baseline -0.005 -10"><span class='ocrx_word' id='word_1_199' title='bbox 686 1887 699 1907; x_wconf 83' lang='lat'>²</span> <span class='ocrx_word' id='word_1_200' title='bbox 723 1886 879 1929; x_wconf 75' lang='lat' dir='ltr'>Kayser:</span> <span class='ocrx_word' id='word_1_201' title='bbox 905 1885 1072 1919; x_wconf 87' lang='lat' dir='ltr'>sciebam.</span> 
     </span>
    </p>
   </div>
   <div class='ocr_carea' id='block_1_3' title="bbox 277 1986 1486 2081">
    <p class='ocr_par' dir='ltr' id='par_1_5' title="bbox 277 1986 1486 2081">
     <span class='ocr_line' id='line_1_28' title="bbox 322 1986 1486 2035; baseline -0.004 -8"><span class='ocrx_word' id='word_1_202' title='bbox 322 1999 336 2013; x_wconf 83' lang='lat'><em>⁰</em></span> <span class='ocrx_word' id='word_1_203' title='bbox 354 1992 521 2035; x_wconf 73' lang='lat' dir='ltr'>Actually</span> <span class='ocrx_word' id='word_1_204' title='bbox 544 1992 654 2029; x_wconf 86' lang='lat' dir='ltr'>three,</span> <span class='ocrx_word' id='word_1_205' title='bbox 678 2001 736 2024; x_wconf 86' lang='lat' dir='ltr'>see</span> <span class='ocrx_word' id='word_1_206' title='bbox 758 2001 794 2032; x_wconf 93' lang='lat' dir='ltr'>p.</span> <span class='ocrx_word' id='word_1_207' title='bbox 819 1991 881 2022; x_wconf 86' lang='lat' dir='ltr'>xiii</span> <span class='ocrx_word' id='word_1_208' title='bbox 898 2000 932 2022; x_wconf 92' lang='lat' dir='ltr'>n.</span> <span class='ocrx_word' id='word_1_209' title='bbox 957 2001 999 2026; x_wconf 71' lang='lat' dir='ltr'>ar,</span> <span class='ocrx_word' id='word_1_210' title='bbox 1031 1988 1098 2022; x_wconf 87' lang='lat' dir='ltr'>but</span> <span class='ocrx_word' id='word_1_211' title='bbox 1123 1990 1187 2021; x_wconf 80' lang='lat'>140</span> <span class='ocrx_word' id='word_1_212' title='bbox 1210 1998 1276 2021; x_wconf 63' lang='lat' dir='ltr'>mc.</span> <span class='ocrx_word' id='word_1_213' title='bbox 1300 1986 1419 2022; x_wconf 87' lang='lat' dir='ltr'>would</span> <span class='ocrx_word' id='word_1_214' title='bbox 1440 1988 1486 2022; x_wconf 82' lang='lat' dir='ltr'>be</span> 
     </span>
     <span class='ocr_line' id='line_1_29' title="bbox 277 2033 1042 2081; baseline -0.009 -9"><span class='ocrx_word' id='word_1_215' title='bbox 277 2038 415 2081; x_wconf 89' lang='lat' dir='ltr'>spoken</span> <span class='ocrx_word' id='word_1_216' title='bbox 432 2037 473 2071; x_wconf 77' lang='lat' dir='ltr'>of</span> <span class='ocrx_word' id='word_1_217' title='bbox 485 2047 524 2070; x_wconf 87' lang='lat' dir='ltr'>as</span> <span class='ocrx_word' id='word_1_218' title='bbox 541 2036 601 2070; x_wconf 85' lang='lat' dir='ltr'>the</span> <span class='ocrx_word' id='word_1_219' title='bbox 609 2035 740 2078; x_wconf 73' lang='lat' dir='ltr'>fourth</span> <span class='ocrx_word' id='word_1_220' title='bbox 755 2044 842 2077; x_wconf 85' lang='lat' dir='ltr'>year</span> <span class='ocrx_word' id='word_1_221' title='bbox 856 2033 948 2066; x_wconf 84' lang='lat' dir='ltr'>after</span> <span class='ocrx_word' id='word_1_222' title='bbox 968 2034 1042 2066; x_wconf 79' lang='lat'>148.</span> 
     </span>
    </p>
   </div>
   <div class='ocr_carea' id='block_1_4' title="bbox 275 2096 352 2130">
    <p class='ocr_par' dir='ltr' id='par_1_6' title="bbox 275 2096 352 2130">
     <span class='ocr_line' id='line_1_30' title="bbox 275 2096 352 2130; baseline 0 -1"><span class='ocrx_word' id='word_1_223' title='bbox 275 2096 352 2130; x_wconf 80' lang='lat'>474</span> 
     </span>
    </p>
   </div>
  </div>
 </body>
</html>
