1560 2294
768 128 973 167 CICERO

265 251 373 290 quae
386 234 663 275 misericordia
676 234 861 286 dignum,
875 246 982 285 quae
997 232 1163 271 valeant
1175 237 1319 271 contra
1330 230 1476 272 falsam

266 316 618 358 criminationem;
663 325 715 350 ex
742 311 973 349 adversario
1001 310 1157 348 eisdem
1182 323 1235 348 ex
1263 309 1360 348 locis
1387 307 1476 348 fere

182 401 247 435 322
266 393 497 436 contraria3
538 403 590 428 ex
615 402 675 434 re,
701 391 735 427 si
760 387 949 433 crudelis,
974 389 1008 425 si
1033 385 1228 432 nefanda,
1253 388 1287 425 si
1310 392 1478 438 praeter

266 470 515 520 opinionem,
541 468 575 504 si
601 467 822 510 immerito,
848 467 882 502 si
907 466 1071 509 misera,
1097 466 1131 501 si
1155 465 1333 515 ingrata,
1359 465 1393 501 si
1418 465 1478 501 in-

266 545 406 597 digna,
426 546 459 582 si
478 556 599 588 nova,
619 545 652 580 si
672 554 779 593 quae
799 543 963 579 restitui
983 542 1200 591 sanarique
1220 553 1303 578 non
1321 542 1450 591 possit
1467 551 1478 586 3

268 635 321 660 ex
338 623 396 659 eis
414 625 556 658 autem
569 618 680 670 apud
696 631 798 670 quos
812 622 974 669 agetur,
986 622 1034 655 ut
1050 616 1271 655 benevolos
1287 617 1478 669 beneque

269 700 555 737 existimantes
575 695 811 740 efficiamus,
831 693 942 746 quod
962 693 1124 746 agendo
1144 693 1317 732 efficitur
1334 693 1479 732 melius

269 788 395 827 quam
417 773 614 825 rogando.
669 772 746 810 Est
769 771 813 809 id
837 770 1005 823 quidem
1027 772 1071 808 in
1094 775 1229 809 totam
1252 773 1481 810 orationem

269 850 606 890 confundendum
621 862 699 887 nec
714 850 883 886 minime
899 850 943 885 in
959 853 1191 886 extremam
1209 860 1220 894 ;
1250 847 1324 886 sed
1339 853 1482 887 tamen

186 939 251 973 323
269 928 401 967 multa
429 929 629 979 principia
656 938 708 964 ex
739 938 789 964 eo
819 937 973 977 genere
1003 926 1242 976 gignuntur.
1301 924 1408 964 Nam
1438 930 1482 964 et

272 1010 483 1044 attentum
512 1007 685 1041 monent
715 1001 863 1040 Graeci
892 1007 940 1040 ut
968 1003 1167 1052 principio
1195 999 1394 1041 faciamus
1422 1004 1482 1040 iu-

271 1082 406 1121 dicem
435 1086 480 1119 et
513 1079 703 1125 docilem,
731 1091 838 1130 quae
867 1083 965 1116 sunt
998 1077 1130 1124 utilia,
1157 1077 1232 1117 sed
1264 1091 1347 1117 non
1373 1081 1483 1130 prin-

271 1161 365 1210 cipii
413 1159 544 1208 magis
590 1158 754 1207 propria
805 1168 929 1206 quam
974 1154 1225 1206 reliquarum
1274 1158 1454 1206 partium
1473 1168 1483 1202 ;

271 1234 452 1273 faciliora
487 1235 614 1271 etiam
648 1235 691 1269 in
725 1233 945 1283 principiiS‚
981 1230 1092 1282 quod
1127 1236 1172 1269 et
1205 1234 1359 1271 attenti
1393 1238 1484 1272 tum

272 1313 452 1350 maxime
472 1314 569 1348 sunt
588 1322 682 1347 cum
701 1310 839 1346 omnia
857 1312 1103 1358 exspectant
1122 1312 1167 1346 et
1185 1307 1336 1347 dociles
1352 1312 1484 1362 magis

274 1391 318 1427 in
346 1389 471 1426 initiis
502 1399 591 1424 esse
620 1390 820 1436 possunt3
863 1383 1082 1422 illustriora
1110 1386 1220 1422 enim
1247 1390 1345 1424 sunt
1377 1399 1484 1438 quae

275 1467 318 1503 in
336 1465 542 1516 principiis
563 1475 687 1514 quam
702 1474 810 1513 quae
829 1463 872 1499 in
886 1460 1031 1499 mediis
1051 1463 1182 1499 causis
1201 1460 1394 1501 dicuntur
1412 1467 1486 1502 aut

191 1547 258 1580 324
276 1540 487 1594 arguendo
514 1544 587 1577 aut
612 1537 851 1577 refellendo.
909 1537 1138 1575 Maximam
1159 1543 1302 1577 autem
1326 1541 1486 1591 copiam

274 1620 565 1671 principiorum
595 1616 648 1654 ad
683 1615 860 1653 iudicem
889 1619 962 1652 aut
991 1614 1251 1654 alliciendum
1280 1621 1354 1655 aut
1389 1619 1487 1656 inci·

275 1695 449 1735 tandum
464 1707 516 1733 ex
532 1696 589 1732 eis
608 1693 705 1731 locis
720 1691 931 1730 trahemus
946 1694 1015 1743 qui
1031 1691 1083 1730 ad
1107 1697 1244 1731 motus
1259 1695 1487 1732 animorum

276 1770 547 1811 conficiendos
586 1772 752 1807 inerunt
794 1771 836 1806 in
878 1781 1015 1814 causa,
1057 1781 1158 1820 quos
1197 1774 1339 1808 tamen
1377 1775 1487 1809 totos

277 1849 481 1900 explicare
521 1849 563 1884 in
599 1847 797 1897 principio
834 1858 916 1882 non
953 1845 1175 1895 oportebit,
1215 1845 1289 1884 sed
1322 1851 1486 1885 tantum

275 1924 431 1976 impelli
459 1923 636 1962 iudicem
664 1924 795 1973 primo
825 1920 984 1966 leviter,
1013 1926 1061 1959 ut
1093 1923 1175 1959 iam
1203 1921 1398 1962 inclinato
1425 1935 1488 1962 re·

192 2012 258 2047 325
276 2002 388 2054 liqua
416 2000 628 2039 incumbat
658 2001 801 2038 oratio.
870 1997 1038 2036 LXXX.
1071 1997 1313 2038 Connexum
1346 2005 1487 2039 autem

275 2094 352 2128 442
