1560 2294
741 129 945 169 CICERO

240 242 319 282 est,
332 250 425 275 cum
439 235 572 274 audio.
628 235 759 286 Atqui
773 237 834 272 ita
854 239 918 273 est
937 239 1074 272 totum
1092 233 1170 272 hoc
1189 236 1277 286 ipso
1296 246 1450 286 genere

239 307 469 352 ridiculum,
492 311 540 344 ut
563 308 797 344 cautissime
820 305 1084 343 tractandum
1107 307 1173 343 sit.
1229 304 1452 343 Mimorum

242 383 307 417 est
338 380 448 416 enim
479 376 779 428 ethologorum,
810 378 844 414 si
874 378 1000 414 nimia
1031 381 1096 414 est
1125 377 1316 421 imitatio,
1347 378 1453 414 sicut

241 450 486 488 obscenitas.
568 447 719 486 Orator
753 449 945 497 surripiat
979 451 1146 497 oportet
1178 448 1454 485 imitationem

243 525 291 558 ut
304 522 338 558 is
354 521 424 570 qui
440 518 596 564 audiet,
611 520 769 570 cogitet
783 517 914 569 plura,
931 530 1056 568 quam
1071 516 1212 555 videat
1228 529 1239 563 ;
1268 522 1454 568 praestet

242 591 354 629 idem
395 591 700 641 ingenuitatem
743 593 787 627 et
827 588 1021 626 ruborem
1062 600 1196 633 suum,
1237 588 1454 626 verborum

243 660 500 712 turpitudine
520 665 565 698 et
582 673 720 698 rerum
738 659 995 697 obscenitate
1015 657 1195 696 vitanda.

159 742 225 775 243
297 731 384 769 LX.
414 730 524 782 Ergo
541 729 646 768 haec
663 729 745 768 duo
762 742 918 781 genera
935 734 1032 767 sunt
1050 730 1136 767 eius
1155 728 1328 775 ridiculi,
1346 728 1456 782 quod

244 805 287 840 in
311 815 356 840 re
382 804 564 852 positum
590 806 680 847 est3
713 813 821 852 quae
847 805 944 838 sunt
969 801 1134 851 propria
1161 804 1457 850 perpetuarum

245 872 503 918 facetiarum,
526 874 570 910 in
593 871 741 923 quibus
765 870 1052 909 describuntur
1074 868 1287 908 hominum
1309 883 1458 916 moreS,

248 949 292 982 et
318 945 378 981 ita
405 942 669 994 effinguntur,
696 946 745 980 ut
772 946 846 979 aut
872 954 917 979 re
944 945 1112 978 narrata
1138 939 1289 992 aliqua,
1317 939 1458 992 quales

248 1017 343 1060 sint,
367 1013 677 1065 intellegantur,
706 1017 793 1058 aut,
821 1013 1054 1049 imitatione
1082 1010 1196 1049 brevi
1224 1012 1390 1058 iniecta,
1416 1013 1460 1049 in

249 1085 384 1136 aliquo
402 1086 552 1136 insigni
571 1083 624 1122 ad
640 1081 894 1120 irridendum
912 1084 1011 1120 vitio
1030 1083 1300 1133 reperiantur.

165 1168 231 1201 244
301 1156 351 1194 In
377 1155 487 1193 dicto
514 1159 657 1192 autem
681 1152 898 1191 ridiculum
924 1158 989 1191 est
1013 1152 1070 1198 id,
1097 1152 1208 1204 quod
1233 1153 1361 1199 verbi,
1387 1158 1460 1192 aut

249 1228 483 1265 sententiae
503 1224 683 1276 quodam
703 1225 890 1262 acumine
910 1228 1111 1261 movetur.
1163 1222 1246 1261 Sed
1265 1228 1313 1262 ut
1330 1225 1374 1261 in
1392 1223 1460 1262 illo

249 1298 458 1348 superiore
499 1307 654 1347 genere
695 1293 761 1332 vel
801 1295 1059 1338 narrationis,
1101 1292 1167 1331 vel
1206 1295 1462 1340 imitationis,

251 1366 419 1406 vitanda
443 1370 508 1404 est
530 1367 748 1403 mimorum
772 1363 1058 1416 ethologorum
1081 1362 1318 1410 similitudo,
1341 1366 1398 1402 sic
1419 1366 1463 1402 in

251 1437 328 1476 hoc
342 1436 516 1475 scurrilis
532 1437 683 1474 oratori
699 1434 892 1472 dicacitas
908 1446 1159 1486 magnopere
1174 1432 1373 1486 fugienda
1385 1440 1461 1474 est.

254 1508 336 1557 Qui
354 1510 481 1560 igitur
500 1507 801 1558 distinguemus
821 1518 846 1543 a
866 1504 1025 1550 Crasso,
1045 1517 1070 1542 a
1090 1503 1251 1551 Catulo,
1271 1518 1297 1543 a
1315 1507 1464 1544 ceteris

253 1579 497 1619 familiarem
511 1583 708 1623 vestrum,
723 1576 936 1622 Granium,
951 1581 1024 1614 aut
1038 1574 1274 1628 Vargulam,
1289 1578 1465 1615 amicum

254 1649 428 1689 meum?
483 1648 576 1686 Non
607 1646 842 1686 mehercule
874 1649 917 1684 in
948 1651 1135 1684 mentem
1165 1644 1266 1684 mihi
1297 1645 1466 1698 quidem

256 1723 370 1760 venit
388 1733 397 1758 z
446 1724 543 1758 sunt
577 1721 686 1756 enim
720 1717 879 1755 dicaces
898 1729 908 1762 ;
958 1716 1110 1754 Granio
1143 1715 1311 1768 quidem
1344 1729 1466 1755 nemo

257 1793 443 1830 dicacior.
499 1789 603 1834 Hoc,
624 1791 780 1840 opinor,
800 1790 992 1838 primum,
1012 1800 1079 1832 ne,
1100 1789 1467 1839 quotienscumque

176 1874 240 1906 245
258 1863 442 1914 potuerit
461 1860 617 1898 dictum
638 1859 731 1904 dici,
752 1871 919 1896 necesse
940 1857 1164 1895 habeamus
1185 1857 1334 1896 dicere.
1389 1856 1468 1895 Pu-

261 1931 372 1970 sillus
409 1932 528 1969 testis
566 1931 776 1980 processit.
833 1927 842 1941 ⁴
863 1926 1009 1973 Licet,’
1047 1929 1195 1979 inquit,
1234 1926 1243 1940 ‘
1261 1926 1440 1980 rogare?
1458 1925 1468 1939 ’

675 2035 691 2052 ⁰
715 2031 822 2065 From
839 2042 861 2064 a
878 2030 946 2063 lost
962 2029 1059 2073 play.

264 2090 339 2126 378
