1560 2294
754 113 958 154 CICERO

213 230 217 235 ·
253 220 419 254 tantum
458 230 536 269 ego
573 219 616 255 in
651 217 870 257 excellenti
905 223 1081 265 oratore,
1115 223 1160 257 et
1194 218 1341 258 eodem
1378 222 1462 259 viro

254 281 375 327 bono,
405 295 514 333 pono
546 296 634 321 esse
666 286 898 322 ornamenti
928 287 1142 323 universae
1172 286 1342 324 civitati.
1393 285 1464 324 Sin

253 347 472 394 videbitur,
514 362 608 386 cum
650 351 787 387 omnia
829 363 989 388 summa
1030 348 1189 396 fecerit,
1227 355 1370 390 tamen
1411 350 1464 390 ad

251 413 478 452 mediocres
513 419 695 453 oratores
731 428 819 453 esse
854 421 1065 462 venturus,
1099 419 1339 467 permittam
1372 419 1463 468 ipsi,

253 478 352 529 quid
372 479 471 518 velit
490 492 500 525 ;
534 480 731 518 molestus
751 494 1004 533 magnopere
1023 495 1107 520 non
1127 495 1196 520 ero
1215 494 1225 527 ;
1260 485 1322 520 sin
1341 482 1463 534 plane

253 543 504 591 abhorrebit,
527 551 571 584 et
594 548 673 584 erit
695 547 908 593 absurdus,
931 552 980 585 ut
1001 560 1045 586 se
1068 550 1293 594 contineat,
1316 553 1389 586 aut
1411 547 1464 587 ad

191 615 235 647 86
252 609 363 648 aliud
381 611 563 649 studium
581 610 818 658 transferat,
837 612 1081 651 admonebo.
1137 613 1244 651 Nam
1261 626 1398 665 neque
1415 615 1463 660 is,

253 678 323 727 qui
351 679 507 727 optime
534 683 689 728 potest,
717 677 968 717 deserendus
997 678 1078 717 ullo
1106 678 1228 717 modo
1257 685 1320 718 est
1348 693 1373 717 a
1399 693 1464 718 co-

251 740 486 781 hortatione
504 749 658 789 nostra,
676 757 812 795 neque
830 746 878 790 is,
897 746 967 796 qui
985 744 1140 796 aliquid
1155 750 1310 796 potest,
1328 744 1465 784 deter-

251 808 403 846 rendus
423 822 432 847 z
486 808 598 860 quod
636 808 812 848 alterum
853 809 1079 848 divinitatis
1116 809 1216 848 mihi
1254 810 1464 849 cuiusdam

254 873 430 920 videtur,
459 874 649 921 alterum,
678 875 743 913 vel
770 889 853 914 non
880 874 1031 922 facere,
1061 876 1172 927 quod
1198 890 1281 915 non
1308 879 1465 928 optime

253 942 394 990 possis,
418 940 483 978 vel
505 939 656 986 facere,
680 941 791 992 quod
813 954 896 980 non
917 944 1094 993 pessime
1117 940 1257 988 facias,
1279 941 1466 980 humani-

253 1007 365 1043 tatis.
421 1005 608 1044 Tertium
633 1019 729 1045 vero
753 1006 867 1053 illud,
887 1006 1064 1046 clamare
1089 1012 1232 1046 contra
1251 1020 1375 1059 quam
1395 1007 1465 1046 de-

252 1076 360 1116 ceat,
385 1076 430 1110 et
453 1085 578 1123 quam
602 1074 744 1123 possit,
768 1071 942 1111 hominis
967 1078 1045 1118 est,
1069 1078 1118 1111 ut
1140 1078 1202 1119 tu,
1226 1072 1388 1119 Catule,
1411 1072 1465 1112 de

253 1136 432 1187 quodam
479 1136 702 1176 clamatore
750 1138 903 1182 dixisti,
946 1138 1148 1177 stultitiae
1195 1151 1294 1178 suae
1341 1151 1465 1191 quam

191 1211 233 1244 87
252 1201 446 1253 plurimos
468 1208 599 1241 testes
621 1202 846 1242 domestico
868 1206 1085 1255 praeconio
1107 1203 1348 1256 colligentis.
1398 1204 1464 1243 De

253 1267 329 1306 hoc
349 1270 489 1319 igitur,
510 1271 580 1320 qui
602 1271 681 1307 erit
700 1269 808 1315 talis,
829 1275 877 1308 ut
897 1268 1171 1308 cohortandus
1195 1269 1465 1308 adiuvandus-

253 1347 335 1385 que
361 1336 428 1379 sit‚
454 1336 514 1372 ita
539 1334 768 1386 loquamur,
795 1340 843 1373 ut
869 1337 908 1374 ei
932 1335 1144 1374 tradamus
1171 1348 1221 1374 ea
1246 1335 1465 1381 duntaxat,

252 1412 359 1451 quae
378 1413 451 1438 nos
469 1413 565 1438 usus
584 1400 738 1447 docuit,
755 1406 803 1439 ut
820 1401 937 1439 nobis
956 1401 1126 1439 ducibus
1144 1403 1285 1440 veniat
1302 1414 1366 1447 eo,
1383 1414 1466 1453 quo

252 1467 338 1503 sine
366 1465 471 1504 duce
497 1468 574 1517 ipsi
600 1468 875 1517 pervenimus,
903 1469 1096 1518 quoniam
1122 1466 1292 1506 meliora
1317 1466 1465 1506 docere

251 1544 333 1569 non
351 1544 580 1582 possumus,

190 1609 234 1642 gg
304 1596 419 1634 XXI.
449 1596 605 1649 Atque,
631 1602 679 1636 ut
704 1611 728 1636 a
752 1596 941 1636 familiari
966 1603 1105 1637 nostro
1131 1597 1332 1644 exordiar,
1356 1597 1464 1637 hunc

254 1675 347 1714 ego,
383 1661 544 1709 Catule,
580 1661 817 1715 Sulpicium,
852 1666 1029 1715 primum
1063 1666 1106 1702 in
1140 1677 1263 1702 causa
1296 1663 1465 1715 parvula

254 1727 606 1767 adolescentulum
630 1728 791 1768 audivi:
820 1743 918 1768 voce
943 1735 987 1768 et
1013 1728 1157 1776 forma,
1181 1735 1226 1768 et
1243 1735 1360 1768 motu
1378 1743 1463 1768 cor-

252 1796 375 1844 poris,
402 1799 445 1832 et
470 1794 635 1846 reliquis
660 1795 782 1833 rebus
808 1797 914 1846 aptis
940 1795 993 1833 ad
1016 1794 1093 1834 hoc
1117 1807 1279 1841 munus,
1303 1794 1356 1834 de
1381 1808 1462 1847 quo

253 1862 486 1910 quaerimus
506 1872 516 1905 ;
549 1863 733 1898 oratione
753 1866 894 1899 autem
912 1860 1034 1899 celeri
1053 1866 1097 1899 et
1115 1863 1333 1906 concitata,
1352 1860 1462 1912 quod

254 1930 344 1963 erat
383 1927 551 1977 ingenii,
591 1931 635 1964 et
673 1926 806 1964 verbis
846 1924 1219 1972 effervescentibus,
1258 1931 1303 1965 et
1339 1925 1461 1978 paulo

253 1992 424 2029 nimium
443 1991 784 2038 redundantibus,
804 1991 914 2044 quod
934 1997 1024 2031 erat
1043 1994 1205 2031 aetatis.
1260 1990 1353 2031 Non
1371 2004 1463 2030 sum

254 2083 331 2118 262
