1560 2294
747 112 950 152 CICERO

242 217 459 262 rationem,
486 229 593 267 quae
619 218 662 255 in
689 222 779 256 arte
806 217 995 256 traditur.
1051 217 1278 257 Educenda
1303 216 1453 257 deinde

241 276 366 316 dictio
383 283 448 317 est
465 291 516 316 ex
533 277 610 317 hac
627 278 854 318 domestica
871 282 1167 319 exercitatione
1185 286 1230 319 et
1245 279 1452 319 umbratili

239 339 423 378 medium
456 343 498 379 in
533 354 698 394 agmen,
731 344 774 380 in
807 342 1034 394 pulverem,
1067 345 1110 380 in
1143 342 1378 389 clamorem,
1410 344 1452 380 in

238 408 386 449 castra,
417 409 543 456 atque
577 407 619 442 in
653 407 784 443 aciem
816 403 1051 451 forensem3
1089 405 1326 444 subeundus
1356 418 1452 443 usus

238 468 436 512 omnium,
459 471 503 505 et
524 467 820 518 periclitandae
843 471 947 506 vires
969 470 1123 520 ingenii
1142 480 1153 514 ;
1190 473 1235 507 et
1255 468 1324 506 illa
1345 481 1452 507 com-

238 531 442 568 mentatio
470 529 626 568 inclusa
653 532 696 568 in
722 533 908 569 veritatis
936 530 1070 569 lucem
1099 529 1345 583 proferenda
1374 536 1449 569 est.

158 598 221 631 158
241 590 428 643 Legendi
445 595 573 631 etiam
588 598 754 644 poetae,
771 593 1055 646 cognoscenda
1070 592 1254 640 historia,
1269 596 1451 632 omnium

240 654 440 693 bonarum
460 658 611 694 artium
630 658 847 707 scriptores
868 670 916 695 ac
935 656 1123 695 doctores
1145 662 1189 695 et
1206 655 1388 708 legendi,
1407 661 1452 695 et

239 717 539 768 pervolutandi,
562 724 606 757 et
627 721 933 758 exercitationis
954 733 1077 758 causa
1096 718 1306 765 laudandi,
1326 721 1451 758 inter-

239 780 445 831 pretandi,
483 781 726 833 corrigendi,
765 782 1039 833 vituperandi,
1077 781 1320 828 refellendi;
1373 781 1451 820 dis-

239 843 554 895 putandumque
585 843 637 883 de
668 847 779 882 omni
808 858 854 883 re
883 847 926 883 in
956 847 1179 883 contrarias
1208 850 1363 897 partes,
1393 850 1451 890 et,

239 906 440 958 quidquid
471 909 550 945 erit
579 908 622 945 in
654 920 818 959 quaque
849 920 909 954 re,
940 907 1051 959 quod
1081 907 1293 959 probabile
1324 906 1451 946 videri

157 976 219 1009 159
238 971 380 1019 possit,
411 968 657 1008 eliciendum
691 975 818 1022 atque
852 970 1100 1016 dicendum3
1137 969 1451 1022 perdiscendum

238 1033 300 1069 ius
347 1031 478 1078 civile,
526 1032 835 1084 cognoscendae
882 1032 1011 1085 leges,
1057 1032 1322 1084 percipienda
1367 1045 1452 1071 om-

240 1095 301 1131 nis
332 1096 573 1146 antiquitas,
602 1097 809 1134 senatoria
837 1095 1106 1142 consuetudo,
1135 1094 1348 1147 disciplina
1374 1097 1451 1133 rei-

239 1155 442 1207 publicae,
474 1158 564 1195 iura
601 1159 816 1204 sociorum,
849 1156 1032 1204 foedera,
1065 1159 1292 1209 pactiones,
1329 1170 1450 1196 causa

239 1221 399 1270 imperii
434 1219 719 1271 cognoscenda
754 1225 846 1259 est:
891 1219 1080 1259 libandus
1123 1225 1188 1259 est
1225 1223 1353 1259 etiam
1399 1233 1449 1258 ex

241 1284 351 1320 omni
383 1294 537 1334 genere
568 1283 813 1322 urbanitatis
843 1282 1087 1322 facetiarum
1117 1282 1285 1335 quidam
1313 1282 1451 1335 lep0s3

241 1357 337 1396 quo,
356 1349 556 1397 tanquam
575 1345 674 1392 sale,
690 1352 984 1398 perspergatur
1002 1348 1133 1385 omnis
1152 1348 1295 1385 oratio.

293 1406 430 1446 Effudi
448 1408 561 1447 vobis
580 1411 731 1454 omnia,
749 1422 857 1460 quae
875 1409 1121 1455 sentiebam,
1140 1421 1247 1461 quae
1265 1407 1452 1455 fortasse,

242 1483 545 1522 quemcumque
572 1470 910 1523 patremfamilias
939 1474 1210 1522 arripuissetis
1238 1484 1290 1510 ex
1318 1471 1452 1523 aliquo

242 1533 404 1579 circulo,
426 1533 573 1572 eadem
593 1534 706 1573 vobis
726 1535 1090 1586 percunctantibus
1110 1534 1400 1586 respondisset.

160 1608 223 1641 160
294 1595 463 1635 XXXV.
493 1596 610 1635 Haec
632 1610 726 1635 cum
752 1596 920 1636 Crassus
946 1597 1132 1643 dixisset,
1156 1596 1365 1636 silentium
1389 1602 1452 1635 est

241 1664 520 1698 consecutum.
576 1658 659 1699 Sed
682 1673 919 1712 quanquam
945 1662 1045 1698 satis
1073 1661 1145 1706 eis,
1169 1662 1239 1711 qui
1266 1659 1452 1705 aderant,

242 1720 295 1759 ad
309 1721 364 1767 id,
380 1721 491 1773 quod
506 1727 596 1761 erat
610 1724 880 1774 propositum,
895 1722 1052 1761 dictum
1067 1722 1297 1768 videbatur,
1311 1727 1453 1760 tamen

242 1784 481 1823 sentiebant
500 1783 672 1823 celerius
694 1798 783 1824 esse
803 1785 949 1831 multo,
970 1798 1095 1836 quam
1115 1787 1192 1836 ipsi
1212 1783 1380 1830 vellent,
1401 1784 1453 1822 ab

242 1859 292 1885 eo
325 1852 576 1897 peroratum.
644 1847 750 1885 Tum
779 1846 998 1886 Scaevola:
1047 1846 1158 1895 Quid
1187 1852 1266 1893 est,
1294 1846 1452 1885 Cotta?

242 1910 390 1960 inquit,
407 1909 506 1960 quid
522 1912 669 1948 tacetis
685 1910 701 1948 ?
744 1909 908 1948 Nihilne
927 1910 1040 1948 vobis
1060 1912 1102 1947 in
1120 1914 1306 1949 mentem
1326 1911 1452 1955 venit,

242 1970 354 2023 quod
371 1977 590 2023 praeterea
609 1985 633 2010 a
652 1971 796 2011 Crasso
815 1974 1032 2025 requiratis
1049 1971 1066 2010 ἲ

246 2062 318 2098 108
