1560 2294
774 118 978 159 CICERO

323 223 418 262 Duo
435 226 544 262 enim
560 228 657 262 sunt
671 236 827 275 genera
841 222 1098 271 facetiarum,
1115 238 1288 277 quorum
1304 226 1478 268 alterum

185 294 252 326 240
269 296 313 321 re
329 289 546 329 tractatur,
562 282 739 321 alterum
754 283 877 322 dicto.
928 283 1003 329 Re,
1018 287 1052 322 si
1072 285 1237 336 quando
1256 286 1369 338 quid,
1389 293 1479 326 tan-

269 357 394 395 quam
414 343 551 395 aliqua
570 342 723 382 fabella
742 348 931 382 narratur
948 356 958 389 ;
993 349 1041 382 ut
1060 344 1157 383 olim
1177 351 1239 392 tu,
1259 345 1418 394 Crasse,
1436 350 1479 386 in

271 403 531 449 Memmium,
560 402 569 416 ⁴
589 403 814 441 comedisse
846 416 941 442 eum
972 403 1173 444 lacertum
1206 405 1358 458 Largi,'
1385 421 1478 447 cum

269 469 380 502 esset
402 477 496 501 cum
521 476 570 501 eo
593 463 837 501 Tarracinae
861 463 914 502 de
939 463 1113 502 amicula
1134 467 1292 504 rixatus
1312 480 1321 505 :
1359 467 1478 514 salsa,

267 528 312 562 at
326 528 469 561 tamen
489 536 513 561 a
531 528 576 561 te
591 525 679 574 ipso
695 522 791 561 ficta
806 528 897 561 tota
912 526 1104 563 narratio.
1146 524 1355 565 Addidisti
1370 527 1479 566 clau-

266 582 412 628 sulam,
447 588 539 621 tota
573 582 792 621 Tarracina
826 589 917 621 tum
952 585 1140 622 omnibus
1175 587 1219 623 in
1251 588 1477 637 parietibus

267 645 481 693 inscriptas
504 641 629 681 fuisse
652 642 827 689 litteras,
847 642 971 689 LLL,
993 643 1091 682 MM
1111 656 1121 690 ;
1148 658 1242 684 cum
1261 659 1479 698 quaereres

269 702 311 740 id
325 702 425 754 quid
440 708 564 748 esset,
578 715 721 740 senem
735 703 812 741 tibi
831 703 1039 754 quendam
1058 704 1310 755 oppidanum
1329 706 1479 746 dixisse

271 761 280 775 ‘
300 762 476 801 Lacerat
533 762 755 801 Lacertum
811 762 936 815 Largi
993 763 1170 802 Mordax
1227 765 1479 806 Memmius.’

186 826 249 859 241
271 822 518 873 Perspicitis,
543 822 620 861 hoc
644 835 775 875 genus
800 836 925 874 quam
949 826 1004 862 sit
1027 822 1224 871 facetum,
1249 838 1374 877 quam
1398 826 1480 866 ele-

270 896 386 935 gans,
402 896 527 934 quam
542 885 780 929 oratorium,
795 885 879 921 sive
895 882 1049 922 habeas
1065 897 1175 931 vere,
1190 885 1302 937 quod
1316 899 1480 926 narrare

270 945 412 994 possis,
444 942 555 994 quod
585 948 728 981 tamen
769 948 834 981 est
873 943 1220 983 mendaciunculis
1262 958 1481 999 aspergen-

270 1002 384 1048 dum,
414 1005 498 1041 sive
530 1002 673 1054 fingaS.
739 1002 816 1041 Est
853 1008 995 1042 autem
1032 1003 1135 1043 haec
1166 1003 1286 1044 huius
1317 1009 1480 1059 generis

270 1065 412 1108 virtus,
430 1067 478 1100 ut
495 1065 555 1100 ita
572 1061 684 1101 facta
703 1062 975 1110 demonstres,
993 1069 1041 1102 ut
1057 1077 1191 1103 mores
1210 1067 1310 1112 eius,
1328 1065 1381 1105 de
1398 1080 1480 1119 quo

270 1135 423 1168 narres,
438 1128 487 1160 ut
501 1135 649 1169 sermo,
665 1128 713 1161 ut
730 1122 866 1161 vultus
885 1136 1026 1162 omnes
1045 1127 1342 1175 exprimantur,
1358 1131 1405 1166 ut
1422 1129 1480 1166 eis

187 1194 251 1226 242
270 1185 340 1234 qui
362 1182 550 1228 audiunt,
573 1188 664 1221 tum
685 1185 774 1235 geri
795 1182 864 1220 illa
887 1183 1056 1235 fierique
1079 1184 1309 1224 videantur.
1365 1186 1415 1225 In
1434 1200 1480 1226 re

271 1247 335 1280 est
353 1244 455 1280 item
470 1242 699 1289 ridiculum,
715 1242 827 1294 quod
843 1256 895 1281 ex
911 1243 1090 1294 quadam
1107 1244 1332 1296 depravata
1347 1249 1481 1285 imita-

269 1304 382 1340 tione
417 1304 522 1340 sumi
555 1302 662 1341 solet
679 1314 690 1348 ;
745 1307 794 1341 ut
826 1302 937 1341 idem
972 1302 1139 1342 Crassus
1159 1318 1168 1344 :
1225 1304 1233 1318 ‘
1253 1304 1332 1344 Per
1365 1312 1481 1346 tuam

270 1362 544 1408 nobilitatem,
558 1375 634 1413 per
653 1367 834 1401 vestram
852 1361 1078 1401 familiam.'
1133 1363 1244 1412 Quid
1262 1365 1374 1405 aliud
1387 1365 1481 1412 fuit,

268 1424 310 1460 in
341 1435 422 1474 quo
451 1424 587 1460 contio
618 1422 787 1468 rideret,
816 1425 892 1461 nisi
921 1422 990 1461 illa
1018 1423 1154 1462 vultus
1184 1430 1229 1463 et
1257 1427 1365 1464 vocis
1393 1428 1482 1465 imi-

267 1482 399 1520 tatio?
441 1481 450 1495 ‘
462 1481 542 1520 Per
561 1487 653 1520 tuas
674 1488 834 1521 statuas
846 1481 854 1495 ’
875 1496 971 1521 vero
991 1497 1084 1522 cum
1104 1483 1224 1530 dixit,
1244 1490 1289 1524 et
1308 1491 1481 1525 extento

267 1540 456 1580 bracchio
475 1541 689 1593 paululum
709 1544 837 1581 etiam
857 1542 909 1581 de
929 1549 1052 1595 gestu
1073 1543 1246 1590 addidit,
1261 1544 1482 1585 vehemen-

267 1604 349 1639 tius
363 1604 536 1640 risimus.
592 1602 656 1640 Ex
670 1601 747 1641 hoc
761 1615 915 1654 genere
931 1609 994 1641 est
1008 1603 1076 1641 illa
1091 1603 1292 1642 Rosciana
1303 1607 1481 1645 imitatio

267 1663 375 1699 senis
395 1675 404 1700 ε
434 1660 442 1675 ‘
461 1661 553 1700 Tibi
574 1674 666 1714 ego,
681 1660 880 1714 Antipho,
894 1661 967 1700 has
985 1662 1104 1709 sero,’
1118 1665 1266 1716 inquit.
1314 1664 1481 1704 Senium

316 1812 332 1828 ⁶
356 1807 469 1842 Gaius
486 1808 693 1848 Memmius,
709 1819 731 1842 a
745 1808 929 1843 turbulent
942 1809 1085 1843 tribune
1099 1811 1142 1844 of
1162 1813 1225 1845 111
1245 1822 1324 1851 me..
1339 1813 1480 1855 against

268 1852 387 1886 whose
410 1853 584 1886 ferocious
609 1852 792 1886 character
814 1853 886 1886 this
905 1853 976 1896 jest
999 1854 1041 1886 of
1061 1853 1210 1888 Crassus
1234 1865 1349 1889 seems
1371 1858 1410 1890 to
1433 1856 1479 1890 be

269 1895 344 1960 lev?
345 1895 442 1973 1ἸΙζῗᾶΙιιε
461 1941 666 1973 merriment
684 1950 769 1982 may
787 1939 879 1974 have
897 1940 986 1973 been
1006 1940 1143 1974 excited
1161 1941 1212 1985 by
1230 1953 1278 1975 an
1297 1942 1421 1976 attack
1440 1943 1483 1976 of

270 1982 418 2017 Crassus
449 1994 547 2026 upon
580 1984 759 2017 Domitius
791 1984 1067 2024 Ahenobarbus,
1100 1985 1181 2019 who
1213 1996 1286 2020 was
1317 1985 1478 2030 possibly

269 2026 423 2061 disliked
442 2028 498 2061 for
516 2027 572 2061 his
591 2028 766 2062 excessive
784 2027 911 2070 family
930 2027 1043 2071 pride.

267 2090 344 2125 376
