1560 2294
738 109 941 150 CICERO

234 229 455 268 puerorum
480 214 688 253 elementa
712 213 943 260 videantur,
968 216 1265 266 exquirere—2
1295 215 1370 254 sed
1397 221 1442 255 tu

234 281 311 320 hoc
336 281 452 320 nobis
478 280 545 326 da,
571 279 778 325 Scaevola,
805 284 849 317 et
873 279 1038 330 perfice,
1064 285 1112 318 ut
1136 279 1304 319 Crassus
1329 280 1444 328 haec,

235 360 341 399 quae
372 348 609 390 coarctavit,
641 350 685 383 et
714 350 966 397 peranguste
996 344 1159 384 refersit
1187 348 1231 384 in
1260 349 1444 386 oratione

234 426 321 459 sua,
340 412 489 451 dilatet
507 411 623 449 nobis
643 415 770 462 atque
790 410 981 461 explicet.

152 490 215 522 164
285 478 376 530 Ego
426 476 676 522 mehercule,
725 478 861 528 inquit
913 475 1090 523 Mucius,
1137 482 1263 516 antea
1308 483 1445 517 vestra

234 546 365 596 magis
389 542 466 582 hoc
490 555 613 581 causa
637 541 839 587 volebam,
864 555 989 593 quam
1012 555 1135 581 mea:
1173 555 1310 595 neque
1334 546 1444 583 enim

234 614 454 661 tantopere
472 607 578 646 hanc
597 621 622 646 a
640 607 784 646 Crasso
803 607 1127 659 disputationem
1145 607 1444 656 desiderabam,

236 680 493 727 quantopere
522 675 608 712 eius
635 675 678 711 in
704 675 835 711 causis
862 675 1047 712 oratione
1075 673 1270 713 delector.
1326 674 1444 715 Nunc

237 754 346 786 vero,
384 739 543 785 Crasse,
579 752 674 777 mea
710 751 874 790 quoque
912 740 1039 777 etiam
1075 752 1198 778 causa
1232 753 1346 793 rogo,
1382 747 1444 788 ut,

237 808 431 857 quoniam
446 810 611 843 tantum
626 803 826 843 habemus
842 806 929 850 otii,
945 809 1147 856 quantum
1159 805 1314 844 iamdiu
1328 807 1444 846 nobis

237 885 319 910 non
342 873 530 922 contigit,
554 883 607 908 ne
631 871 811 922 graveris
836 869 1106 909 exaedificare
1129 870 1172 909 id
1195 884 1311 922 opus,
1335 872 1445 924 quod

235 938 462 975 instituisti.
519 935 710 974 Formam
748 937 858 973 enim
894 937 1023 974 totius
1060 938 1218 988 negotii
1254 939 1444 988 opinione

235 1004 432 1040 maiorem
471 1000 767 1052 melioremque
807 1000 955 1046 video;
1010 1014 1133 1053 quam
1177 1001 1446 1042 vehementer

234 1068 373 1119 probo.

152 1145 215 1178 165
286 1131 478 1171 XXXVI.
509 1132 743 1177 Enimvero,
778 1133 913 1183 inquit
952 1130 1134 1178 Crassus,
1168 1134 1306 1172 mirari
1344 1136 1444 1174 satis

234 1212 316 1237 non
338 1211 460 1250 queo,
483 1199 611 1236 etiam
631 1202 676 1236 te
698 1196 814 1243 haec,
836 1195 1044 1243 Scaevola,
1066 1197 1314 1246 desiderare,
1336 1213 1443 1252 quae

235 1277 370 1316 neque
392 1276 469 1315 ego
490 1268 628 1308 teneo,
649 1264 710 1301 uti
730 1263 770 1301 ei
789 1264 859 1314 qui
879 1262 1055 1309 docent3
1085 1276 1221 1316 neque
1240 1270 1337 1304 sunt
1357 1268 1443 1304 eius

235 1331 411 1382 generis,
446 1334 506 1374 ut,
540 1330 574 1366 si
607 1330 763 1380 optime
798 1333 1000 1375 tenerem,
1034 1328 1160 1381 digna
1193 1335 1332 1369 essent
1364 1333 1444 1370 ista

235 1396 438 1446 sapientia
465 1407 511 1432 ac
539 1396 621 1432 tuis
651 1394 828 1432 auribus.
886 1392 981 1432 Ain’
1003 1394 1081 1432 tu?
1110 1396 1245 1447 inquit
1265 1395 1346 1434 ille.
1402 1396 1443 1435 Si

236 1460 288 1498 de
319 1462 406 1498 istis
438 1459 720 1498 communibus
752 1464 796 1498 et
826 1461 1060 1512 pervagatis
1091 1461 1159 1498 vix
1189 1458 1283 1499 huic
1313 1465 1442 1501 aetati

235 1525 485 1564 audiendum
512 1530 648 1576 putas,
674 1526 854 1563 etiamne
877 1524 946 1562 illa
969 1525 1191 1577 neglegere
1213 1539 1442 1577 possumus,

236 1604 342 1643 quae
366 1596 413 1629 tu
437 1593 588 1629 oratori
612 1589 896 1642 cognoscenda
919 1603 1008 1629 esse
1033 1590 1186 1637 dixisti,
1210 1591 1263 1630 de
1287 1595 1442 1632 naturis

235 1657 460 1702 hominum,
500 1656 553 1695 de
592 1656 786 1702 moribus,
825 1655 878 1694 de
917 1656 1143 1695 rationibus
1187 1658 1259 1703 eis,
1295 1658 1442 1709 quibus

235 1722 446 1760 hominum
474 1727 636 1760 mentes
666 1726 710 1760 et
737 1723 1008 1760 incitarentur
1036 1727 1081 1761 et
1108 1725 1442 1773 reprimerentur,

235 1788 287 1826 de
316 1787 499 1833 historia,
525 1787 578 1826 de
608 1789 872 1838 antiquitate,
901 1786 954 1825 de
984 1786 1337 1827 administratione
1365 1792 1441 1828 rei—

235 1852 436 1904 publicae,
462 1852 640 1904 denique
665 1851 717 1890 de
742 1857 881 1891 nostro
906 1855 993 1903 ipso
1017 1854 1106 1891 iure
1130 1852 1269 1892 civili?
1323 1853 1441 1894 Hanc

235 1921 344 1957 enim
380 1931 458 1970 ego
493 1931 658 1956 omnem
694 1920 921 1964 scientiam,
957 1923 1001 1956 et
1035 1921 1195 1970 copiam
1229 1932 1365 1958 rerum
1399 1922 1442 1959 in

234 1989 308 2022 tua
352 1983 572 2035 prudentia
616 1983 795 2022 sciebam
839 1986 998 2029 inesse3
1050 1986 1092 2022 in
1135 1986 1306 2023 oratoris
1346 1998 1441 2024 vero

236 2083 309 2118 112
