1560 2294
760 95 964 135 CICERO

255 199 518 250 cupiditates,
545 205 685 238 nostra
712 202 835 246 tueri,
864 200 916 238 ab
943 200 1084 238 alienis
1112 205 1290 247 mentes,
1315 199 1468 246 oculos,

255 270 399 295 manus
421 257 640 295 abstinere.

174 319 237 353 195
308 313 457 352 XLIV.
489 313 684 352 Fremant
704 326 845 352 omnes
871 313 994 359 licet3
1023 313 1156 352 dicam
1176 313 1288 365 quod
1306 315 1464 353 sentio:

257 370 526 409 bibliothecas
545 370 780 409 mehercule
804 373 986 409 omnium
1006 370 1338 422 philosophorum
1359 383 1466 410 unus

256 427 355 465 mihi
384 427 547 466 videtur
576 427 806 466 Duodecim
833 427 1082 466 Tabularum
1110 427 1284 474 libellus,
1313 430 1344 466 si
1374 430 1464 479 quis

257 484 396 536 legum
408 483 545 523 fontes
560 490 603 523 et
616 487 753 536 capita
768 484 930 530 viderit,
940 490 983 523 et
997 487 1252 523 auctoritatis
1267 484 1465 536 pondere,

174 549 239 583 196
258 548 301 580 et
324 542 515 580 utilitatis
541 542 734 580 ubertate
761 555 967 593 superare.
1023 542 1098 588 Ac,
1122 544 1155 580 si
1178 555 1265 587 nos,
1287 541 1331 580 id
1353 542 1464 593 quod

256 602 436 637 maxime
474 599 616 645 debet,
654 604 794 638 nostra
830 602 965 650 patria
1002 598 1212 644 delectat;
1264 601 1377 637 cuius
1404 601 1463 638 rei

257 662 377 695 tanta
401 662 465 695 est
484 659 557 702 vis,
578 669 625 695 ac
648 661 768 695 tanta
791 662 953 702 natura,
973 662 1021 695 ut
1045 655 1054 670 ⁸
1070 655 1257 695 Ithacam
1282 656 1393 695 illam
1420 659 1463 695 in

258 715 489 765 asperrimis
515 713 680 759 saxulis,
700 718 900 764 tanquam
923 713 1122 759 nidulum,
1145 712 1336 759 affixam,’
1359 716 1465 765 sapi-

258 773 491 810 entissimus
507 773 566 809 vir
584 770 885 809 immortalitati
901 776 1175 822 anteponeret
1191 783 1202 817 ;
1229 784 1310 823 quo
1326 784 1464 810 amore

258 828 430 866 tandem
441 827 684 866 inflammati
698 841 786 867 esse
799 827 998 866 debemus
1011 831 1053 866 in
1063 827 1261 867 eiusmodi
1271 831 1464 880 patriam,

258 898 364 936 quae
378 898 460 923 una
474 887 517 923 in
532 885 719 923 omnibus
732 888 852 924 terris
864 885 1009 924 domus
1022 891 1087 924 est
1101 888 1277 932 virtutis,
1289 888 1464 937 imperii,

258 942 491 994 dignitatis!
515 942 639 980 Cuius
651 944 829 994 primum
845 943 961 980 nobis
977 956 1107 988 mens,
1119 955 1222 988 mos,
1238 943 1464 994 disciplina,

258 1005 357 1038 nota
375 1012 463 1038 esse
483 999 636 1045 debet3
665 999 730 1038 vel
753 1002 850 1051 quia
868 1005 932 1038 est
949 1002 1098 1051 patria,
1115 1013 1263 1051 parens
1281 1003 1463 1040 omnium

258 1062 457 1102 nostrum,
475 1056 540 1095 vel
564 1059 660 1108 quia
679 1062 799 1095 tanta
821 1059 1025 1108 sapientia
1046 1056 1172 1096 fuisse
1194 1059 1237 1095 in
1259 1059 1346 1096 iure
1369 1072 1465 1097 con-

258 1114 469 1152 stituendo
506 1113 693 1165 putanda
730 1119 808 1160 est,
846 1119 1004 1165 quanta
1039 1113 1120 1153 fuit
1155 1116 1199 1152 in
1235 1113 1298 1153 his
1334 1119 1462 1154 tantis

257 1171 402 1222 opibus
421 1173 582 1222 imperii
603 1171 899 1222 comparandis.

176 1236 239 1269 197
309 1227 548 1279 Percipietis
565 1231 692 1267 etiam
706 1228 818 1266 illam
834 1241 886 1266 ex
901 1230 1135 1280 cognitione
1149 1231 1246 1267 iuris
1260 1229 1464 1269 laetitiam

258 1291 302 1324 et
332 1285 603 1337 voluptatem,
634 1285 759 1337 quod,
790 1291 992 1337 quantum
1022 1288 1306 1336 praestiterint
1335 1289 1464 1326 nostri

255 1344 430 1381 maiores
469 1342 690 1394 prudentia
723 1345 871 1381 ceteris
906 1343 1114 1394 gentibus,
1149 1349 1239 1382 tum
1272 1342 1463 1384 facillime

256 1399 522 1452 intellegetis,
547 1402 580 1438 si
604 1413 698 1438 cum
721 1400 881 1438 illorum
906 1400 1109 1453 Lycurgo,
1130 1405 1175 1439 et
1195 1400 1398 1447 Dracone,
1418 1406 1463 1440 et

257 1455 404 1495 Solone
427 1462 587 1496 nostras
609 1456 723 1509 leges
746 1456 931 1496 conferre
954 1457 1174 1496 volueritis.
1220 1457 1462 1498 Incredibile

258 1519 322 1552 est
361 1516 485 1560 enim,
520 1527 645 1566 quam
684 1516 738 1553 sit
772 1527 894 1553 omne
929 1515 990 1553 ius
1025 1514 1156 1560 civile,
1191 1519 1356 1566 praeter
1387 1515 1464 1555 hoc

258 1576 456 1617 nostrum,
487 1571 756 1617 inconditum,
783 1584 831 1610 ac
859 1584 993 1622 paene
1021 1571 1262 1611 ridiculum:
1295 1572 1347 1611 de
1381 1586 1462 1625 quo

256 1627 388 1666 multa
440 1627 551 1667 soleo
603 1631 646 1666 in
699 1629 953 1667 sermonibus
1007 1628 1254 1680 quotidianis
1313 1629 1463 1677 dicere,

257 1697 349 1723 cum
369 1684 580 1723 hominum
596 1691 827 1724 nostrorum
847 1685 1109 1737 prudentiam
1129 1688 1275 1724 ceteris
1293 1685 1463 1726 homini-

256 1742 346 1787 bus,
386 1747 430 1780 et
465 1745 645 1780 maxime
686 1742 867 1788 Graecis,
907 1747 1125 1793 antepono.
1193 1743 1268 1782 His
1297 1756 1375 1795 ego
1408 1745 1461 1783 de

258 1801 388 1837 causis
417 1798 617 1845 dixeram,
646 1797 853 1845 Scaevola,
882 1801 954 1845 eis,
983 1802 1052 1851 qui
1081 1799 1252 1850 perfecti
1281 1806 1462 1841 oratores

303 1898 319 1914 ⁰
341 1894 411 1927 For
427 1894 618 1938 Calypso's
634 1894 722 1928 offer
740 1895 783 1928 of
798 1895 1035 1938 immortality
1053 1898 1090 1928 to
1111 1894 1296 1939 odysseus
1315 1907 1373 1931 see
1393 1896 1459 1932 od.

258 1940 405 2016 {⁶135}ss
409 1939 473 2017 {or
489 1939 549 1972 the
565 1938 682 1973 hero's
698 1938 890 1982 nostalgia,
905 1937 972 1973 Od.
989 1940 1012 1973 i.
1026 1941 1146 1979 55-59.
1158 1950 1193 1974 v.
1210 1941 1372 1981 151-158.
1388 1940 1461 1976 and

263 2047 336 2084 186
