1560 2294
737 108 941 149 CICERO

155 217 216 250 155
234 209 370 261 palam
401 223 564 262 semper
593 210 839 251 habuerunt.
900 213 1041 265 Atque
1076 227 1154 266 ego
1186 214 1264 254 hoc
1297 229 1349 255 ex
1382 219 1441 267 eis

233 277 358 316 saepe
388 265 539 311 audivi,
568 279 662 305 cum
682 266 868 305 dicerent
895 273 1135 320 pergratum
1164 269 1441 310 Athenienses

233 324 278 357 et
310 319 387 358 sibi
419 318 564 358 fecisse
589 325 633 358 et
654 320 794 359 multis
827 323 1075 373 principibus
1099 325 1289 370 civitatis,
1318 325 1441 377 quod,

231 386 325 412 cum
365 373 419 412 ad
458 379 649 413 senatum
688 375 848 427 legatos
888 376 941 414 de
981 379 1062 415 suis
1099 381 1287 417 maximis
1320 380 1441 419 rebus

231 430 464 474 mitterent,
486 433 571 467 tres
593 428 698 467 illius
721 432 871 468 aetatis
894 431 1162 471 nobilissimos
1181 432 1441 486 philosophos

232 484 452 528 misissent,
481 482 738 522 Carneadem
771 489 816 523 et
848 484 1073 525 Critolaum
1106 491 1152 525 et
1179 487 1441 540 Diogenem3

233 538 376 588 itaque
397 549 481 582 θος,
496 536 595 575 dum
616 537 771 576 Romae
792 545 945 585 essent,
961 545 1005 578 et
1020 553 1044 578 a
1062 553 1106 579 se
1122 546 1167 580 et
1182 542 1235 581 ab
1255 542 1341 581 aliis
1360 542 1442 582 fre-

234 596 413 642 quenter
449 591 642 638 auditos3
677 606 779 644 quos
814 598 862 631 tu
895 607 988 633 cum
1025 594 1199 635 haberes
1237 603 1439 644 auctores,

235 645 405 691 Antoni,
443 648 567 684 miror
612 659 683 684 cur
720 646 1000 699 philosophiae
1038 651 1143 688 sicut
1180 650 1333 690 Zethus
1370 652 1438 691 ille

152 708 216 741 156
236 698 488 738 Pacuvianus
512 713 640 752 prope
659 700 814 740 bellum
832 702 1039 741 indixeris.
1097 703 1286 751 Minime,
1305 709 1439 759 inquit

235 754 455 801 Antonius,
475 767 522 792 ac
541 757 598 793 sic
617 755 780 794 decrevi
798 755 1074 809 philosophari
1092 761 1244 810 potius,
1264 766 1312 799 ut
1332 761 1439 800 Neo-

233 808 440 859 ptolemus
464 809 575 860 apud
597 809 777 849 Ennium
797 810 806 824 ‘
822 810 991 850 Paucis:
1020 826 1116 851 nam
1141 816 1306 854 omnino
1328 814 1440 855 haud

233 861 399 914 placet.’
467 862 549 901 Sed
571 869 714 902 tamen
741 864 844 903 haec
868 871 932 904 est
959 880 1054 905 mea
1076 871 1298 915 sententia,
1314 883 1439 922 quam

234 917 404 955 videbar
437 920 702 969 exposuisse:
747 932 825 971 ego
854 922 935 958 ista
964 921 1101 960 studia
1130 935 1212 961 non
1240 925 1439 975 improbo,

233 971 450 1010 moderata
471 972 594 1011 modo
618 975 700 1011 sint
719 986 729 1012 :
760 976 994 1026 opinionem
1017 978 1188 1015 istorum
1211 979 1439 1018 studiorum

234 1031 279 1064 et
307 1028 579 1077 suspicionem
608 1027 768 1066 artificii
797 1029 907 1080 apud
937 1043 1020 1076 eos,
1050 1033 1119 1082 qui
1149 1045 1214 1070 res
1242 1033 1439 1080 iudicent,

233 1083 385 1119 oratori
426 1080 700 1120 adversariam
734 1095 823 1121 esse
865 1084 1053 1130 arbitror,
1086 1088 1292 1126 imminuit
1330 1091 1439 1128 enim

234 1140 279 1173 et
302 1137 474 1173 oratoris
498 1138 789 1175 auctoritatem
814 1142 858 1175 et
881 1141 1074 1177 orationis
1099 1139 1234 1179 fidem.

152 1196 215 1230 157
285 1188 523 1227 XXXVIII.
553 1189 648 1236 Sed,
683 1195 731 1229 ut
766 1203 815 1230 eo
849 1198 1078 1238 revocetur,
1113 1195 1222 1233 unde
1256 1195 1336 1235 huc
1370 1197 1441 1237 de-

235 1242 401 1281 clinavit
422 1246 567 1289 oratio,
591 1257 642 1282 ex
665 1245 796 1283 tribus
818 1247 906 1284 istis
929 1246 1156 1287 clarissimis
1178 1249 1441 1303 philosophis,

235 1310 337 1348 quos
358 1297 532 1336 Romam
553 1301 711 1337 venisse
729 1299 883 1346 dixisti,
903 1301 1071 1340 videsne
1092 1302 1325 1355 Diogenem
1346 1319 1441 1346 eum

236 1350 375 1397 fuisse,
397 1354 467 1404 qui
490 1352 647 1391 diceret
673 1359 806 1392 artem
831 1367 876 1392 se
901 1355 1066 1395 tradere
1087 1357 1195 1396 bene
1216 1359 1439 1400 disserendi

237 1411 282 1444 et
317 1419 414 1444 vera
450 1419 498 1445 ac
532 1405 635 1445 falsa
671 1407 933 1455 diiudicandi,
969 1423 1094 1462 quam
1122 1413 1246 1452 verbo
1283 1414 1440 1455 Graeco

237 1459 486 1510 διαλεκτικὴν
521 1461 782 1512 appellaret?
855 1463 904 1501 In
936 1463 1013 1503 hac
1039 1471 1143 1512 arte,
1169 1469 1203 1505 si
1228 1469 1350 1508 modo
1377 1476 1441 1510 est

236 1513 339 1553 haec
364 1527 442 1560 ars,
467 1515 624 1554 nullum
650 1522 714 1555 est
738 1523 1020 1570 praeceptum,
1046 1533 1127 1571 quo
1151 1522 1274 1562 modo
1299 1537 1440 1564 verum

153 1578 217 1612 158
234 1571 480 1615 inveniatur,
496 1570 570 1608 sed
584 1575 749 1610 tantum
762 1577 840 1618 est,
852 1586 934 1624 quo
946 1574 1067 1612 modo
1079 1574 1294 1616 iudicetur.
1334 1578 1439 1619 Nam

234 1629 279 1662 et
299 1637 435 1670 omne,
456 1624 566 1675 quod
587 1624 815 1677 eloquimur
834 1629 904 1672 sic,
925 1633 973 1665 ut
992 1628 1034 1666 id
1055 1635 1128 1668 aut
1149 1643 1237 1670 esse
1258 1631 1439 1673 dicamus

234 1683 308 1716 aut
330 1691 413 1716 non
436 1691 540 1724 esse,
559 1684 617 1725 et,
635 1682 668 1718 si
690 1680 928 1732 simpliciter
951 1682 1106 1721 dictum
1129 1686 1197 1731 sit,
1214 1689 1439 1738 suscipiunt

280 1785 295 1800 ⁰
319 1779 362 1813 In
393 1783 456 1814 155
480 1791 546 1815 mc.
593 1782 669 1816 The
696 1783 897 1817 Athenians
924 1784 997 1818 had
1025 1786 1183 1830 pillaged
1210 1787 1367 1833 oropum,
1389 1803 1437 1826 on

235 1823 296 1857 the
321 1823 494 1858 Boeotian
517 1825 677 1866 frondet,
694 1826 767 1860 and
791 1827 864 1861 had
888 1828 977 1862 boen
1001 1831 1192 1865 sentenced
1216 1832 1266 1875 by
1280 1835 1438 1877 umpires

235 1867 431 1911 appointed
451 1867 501 1911 by
516 1868 578 1902 the
598 1869 760 1903 Romans
782 1873 820 1904 to
842 1882 864 1904 a
885 1871 955 1906 fine
978 1872 1020 1906 of
1039 1876 1106 1907 500
1124 1874 1266 1916 ments,
1284 1877 1437 1913 reduced

235 1913 273 1944 to
292 1913 355 1944 100
370 1911 463 1945 after
478 1911 549 1945 this
565 1913 744 1956 embassy.

282 1953 296 1974 ὓ
319 1954 387 2006 See
401 1954 573 2007 Rpmaim
588 1956 632 1999 of
644 1956 715 1990 Old
728 1957 1002 2035 LacinuSLCL.
1019 1985 1030 2012 .’
1048 1961 1083 1995 ii.
1100 1971 1161 2004 pp.
1183 1965 1341 1998 162-168.

284 2002 296 2018 ⁰
318 1997 411 2033 Ilnd.
426 2009 448 2033 1.
463 2009 523 2042 pp.
537 2001 787 2041 368-869‚and
804 2002 836 2034 A
877 2013 919 2036 us
934 2001 990 2037 Ge
1017 2014 1072 2038 ius
1087 2016 1121 2039 v.
1138 2007 1190 2039 15.
1207 2009 1229 2040 9
1242 2006 1314 2041 and
1334 2009 1386 2042 1⁶.
1402 2011 1437 2043 6.

235 2053 311 2089 310
