1560 2294
772 112 977 152 CICERO

271 220 344 253 aut
370 214 422 254 ad
447 216 704 267 probandum
730 221 803 254 aut
827 216 880 255 ad
911 215 1182 255 refellendum
1214 221 1288 256 aut
1319 230 1371 256 ex
1402 230 1474 256 sua

271 297 375 333 sumi
399 298 438 334 vi
460 301 587 348 atque
611 301 759 334 natura
779 301 852 334 aut
879 299 1029 334 assumi
1052 295 1179 335 foris?
1233 296 1298 335 Ex
1326 309 1400 335 sua
1421 299 1474 343 vi,

270 387 364 414 cum
393 380 466 413 aut
493 388 558 413 res
588 388 694 427 quae
723 377 777 414 sit
804 380 895 414 tota
917 381 1153 427 quaeratur,
1177 381 1250 414 aut
1271 389 1365 428 pars
1388 378 1474 415 eius

271 459 344 493 aut
361 454 603 493 vocabulum
621 454 732 506 quod
747 454 902 493 habeat
921 460 995 494 aut
1014 457 1238 507 quippiam,
1257 469 1345 494 rem
1363 455 1474 494 illam

272 534 382 585 quod
412 537 622 586 attingat3
667 537 919 573 extrinsecus
956 539 1111 581 autem,
1147 548 1240 574 cum
1276 547 1340 582 ea,
1368 548 1474 588 quae

272 619 368 652 sunt
390 613 487 652 foris
511 626 646 665 neque
666 613 883 652 inhaerent
901 616 943 652 in
960 616 1020 652 rei
1037 619 1199 660 natura,
1217 614 1473 666 colliguntur.

192 698 255 732 164
324 692 366 731 Si
390 706 454 732 res
480 699 571 732 tota
596 695 821 745 quaeritur,
847 693 1084 732 definitione
1110 696 1298 732 universa
1322 695 1381 733 vis
1406 707 1476 733 ex-

271 772 460 824 plicanda
499 778 576 819 est,
608 775 692 812 sie:
738 771 748 787 ‘
767 775 801 812 si
837 774 1030 812 maiestas
1070 778 1134 812 est
1172 773 1397 825 amplitudo
1427 786 1476 813 ac

272 853 451 906 dignitas
469 854 659 899 civitatis,
676 854 710 891 is
730 865 822 891 eam
839 855 1001 899 minuit,
1019 855 1089 905 qui
1108 855 1334 892 exercitum
1351 853 1476 892 hosti·

270 933 347 972 bus
381 932 521 984 populi
556 932 730 971 Romani
764 932 949 978 tradidit,
976 946 1058 971 non
1093 935 1163 984 qui
1198 946 1307 979 eum,
1335 936 1406 986 qui
1433 933 1475 972 id

189 1022 251 1055 165
269 1012 448 1058 fecisset,
463 1011 603 1064 populi
623 1012 796 1050 Romani
815 1014 1015 1064 potestati
1034 1010 1232 1051 tradidit!
1285 1011 1356 1051 Sin
1368 1026 1476 1065 pars,

269 1095 506 1144 partitione,
532 1091 609 1130 hoc
641 1092 792 1131 modo:
834 1091 843 1105 ‘
863 1096 936 1130 aut
968 1094 1131 1130 senatui
1162 1092 1391 1143 parendum
1423 1092 1476 1131 de

270 1171 403 1211 salute
440 1173 500 1210 rei
527 1171 715 1222 publicae
749 1169 830 1209 fuit
858 1176 931 1208 aut
968 1170 1079 1209 aliud
1115 1170 1326 1210 consilium
1363 1174 1476 1211 insti·

270 1251 472 1291 tuendum
516 1255 589 1288 aut
631 1263 705 1288 sua
741 1255 888 1301 sponte
923 1249 1186 1296 faciendum3
1237 1250 1348 1290 aliud
1383 1265 1476 1290 con·

271 1330 418 1376 silium,
438 1330 660 1381 superbum
679 1342 689 1375 ;
719 1343 852 1375 suum,
872 1342 1064 1382 arrogans
1084 1341 1094 1375 ;
1124 1329 1326 1369 utendum
1350 1333 1476 1384 igitur

271 1410 350 1449 fuit
376 1409 540 1449 consilio
567 1407 762 1447 senatus!
830 1407 872 1447 Si
906 1422 957 1447 ex
990 1408 1201 1455 vocabulo,
1233 1415 1282 1449 ut
1314 1409 1475 1450 Carbo:

272 1490 281 1505 ‘
300 1493 334 1530 si
356 1489 495 1529 consul
518 1494 596 1535 est,
619 1491 689 1540 qui
718 1488 892 1527 consulit
920 1491 1094 1540 patriae,
1117 1488 1217 1541 quid
1245 1488 1355 1528 aliud
1376 1488 1476 1530 fecit

189 1578 252 1611 166
271 1569 491 1623 Opimius?
510 1567 520 1582 '
589 1567 660 1606 Sin
688 1568 741 1607 ab
770 1581 834 1614 eo,
863 1567 974 1619 quod
1000 1581 1088 1606 rem
1117 1570 1312 1621 attingat,
1339 1568 1476 1621 plures

269 1655 366 1689 sunt
385 1653 722 1701 argumentorum
741 1647 859 1686 sedes
883 1660 930 1685 ac
955 1646 1046 1693 loci,
1065 1660 1161 1686 nam
1189 1653 1234 1687 et
1259 1650 1476 1688 coniuncta

269 1741 514 1782 quaeremus
535 1733 579 1766 et
604 1740 758 1780 genera
785 1732 829 1765 et
856 1732 995 1778 partes
1024 1727 1244 1779 generibus
1271 1728 1475 1767 subiectas

271 1814 315 1847 et
347 1807 632 1847 similitudines
666 1812 710 1845 et
742 1805 1089 1844 dissimilitudines
1123 1811 1167 1845 et
1198 1809 1400 1846 contraria
1432 1813 1476 1847 et

270 1889 565 1939 consequentia
589 1891 633 1925 et
656 1891 934 1924 consentanea
957 1890 1001 1924 et
1028 1887 1143 1937 quasi
1171 1889 1476 1937 praecurrentia

271 1973 316 2006 et
335 1968 610 2019 repugnantia
631 1970 676 2004 et
696 1978 838 2004 causas
858 1977 996 2003 rerum
1023 1965 1316 2018 vestigabimus
1342 1970 1387 2005 et
1411 1977 1475 2011 ea,

271 2068 347 2103 316
