1560 2294
752 106 957 148 CICERO

247 208 436 248 omnibus
460 208 695 260 plurimum,
721 216 765 249 et
788 217 974 262 patruus,
998 215 1069 264 qui
1093 226 1187 252 cum
1210 213 1392 253 Antonio
1414 217 1458 253 in

248 279 431 319 Ciliciam
455 279 664 332 profectus
692 294 774 320 una
808 282 1057 330 decesserat,
1088 284 1220 324 multa
1251 285 1367 324 nobis
1403 285 1457 326 de

247 353 335 390 eius
358 351 495 390 studio
519 352 788 405 doctrinaque
808 366 933 406 saepe
952 357 1146 394 narravit.
1177 355 1364 409 Cumque
1383 370 1457 397 nos

246 434 340 460 cum
367 423 616 462 consobrinis
643 427 806 471 nostris,
826 425 1046 465 Aculeonis
1070 426 1174 473 filiis,
1190 432 1235 466 et
1257 440 1308 466 ea
1329 427 1458 468 disce-

245 506 397 540 remus,
421 508 528 546 quae
552 494 697 534 Crasso
722 495 949 547 placerent,
969 502 1014 536 et
1039 498 1093 536 ab
1120 497 1182 537 his
1208 498 1456 547 doctoribus,

246 565 394 616 quibus
422 565 491 604 ille
519 571 722 613 uteretur,
752 567 1020 615 erudiremur,
1050 572 1177 608 etiam
1203 569 1304 609 illud
1330 584 1455 623 saepe

244 635 524 676 intelleximus
543 651 638 676 cum
658 651 839 678 essemus
860 642 946 678 eius
970 639 1112 687 domi,²
1125 641 1236 693 quod
1257 641 1320 680 vel
1338 645 1456 694 pueri

244 710 399 746 sentire
421 714 676 759 poteramus,
694 709 809 748 illum
829 715 874 749 et
900 710 1058 750 Graece
1078 715 1135 750 sic
1156 712 1282 764 loqui,
1301 713 1456 753 nullam

244 783 293 816 ut
312 792 431 817 nosse
455 779 578 818 aliam
596 779 781 833 linguam
800 781 1023 829 videretur,
1044 788 1088 822 et
1107 783 1341 823 doctoribus
1364 798 1457 824 nos-

243 851 318 888 tris
342 862 393 888 ea
414 864 569 902 ponere
588 854 632 889 in
650 852 946 904 percontando,
966 867 1099 906 eaque
1122 857 1257 906 ipsum
1279 859 1390 895 omni
1411 859 1454 895 in

243 933 432 960 sermone
452 927 647 969 tractare,
666 928 716 962 ut
737 923 838 962 nihil
862 937 952 963 esse
975 927 1015 963 ei
1037 938 1202 973 novum,
1221 925 1322 965 nihil
1339 929 1456 966 inau-

203 998 226 1032 3
244 991 378 1031 ditum
397 993 620 1033 videretur.
669 994 736 1033 De
753 995 936 1034 Antonio
951 1009 1062 1043 vero,
1077 1010 1314 1050 quanquam
1329 1012 1453 1051 saepe

243 1075 297 1101 ex
311 1062 605 1104 humanissimo
619 1064 800 1112 homine,
815 1072 964 1118 patruo
981 1073 1134 1114 nostro,
1150 1081 1453 1121 acceperamus,

242 1135 592 1186 quemadmodum
614 1136 683 1175 ille
706 1137 772 1175 vel
793 1137 970 1177 Athenis
993 1138 1059 1178 vel
1081 1138 1216 1179 Rhodi
1237 1153 1282 1179 se
1305 1140 1453 1180 doctis-

241 1207 437 1245 simorum
460 1206 673 1246 hominum
697 1210 952 1248 sermonibus
977 1209 1174 1257 dedisset,
1197 1215 1341 1251 tamen
1363 1215 1452 1264 ipse

241 1276 586 1324 adolescentulus,
608 1285 811 1331 quantum
832 1280 938 1319 illius
958 1283 1139 1320 ineuntis
1161 1285 1312 1322 aetatis
1332 1296 1451 1322 meae

240 1349 480 1400 patiebatur
499 1349 646 1401 pudor,
667 1350 800 1389 multa
821 1364 874 1390 ex
896 1364 946 1390 eo
967 1365 1092 1404 saepe
1114 1356 1309 1405 quaesivi.
1358 1354 1451 1394 Non

240 1422 321 1458 erit
343 1419 530 1471 profecto
554 1421 645 1467 tibi,
670 1422 782 1473 quod
804 1423 950 1469 scribo,
974 1422 1051 1462 hoc
1074 1437 1226 1463 novum
1248 1437 1345 1464 nam
1368 1428 1450 1465 iam

239 1495 331 1529 tum
351 1504 403 1529 ex
424 1505 492 1530 me
513 1491 725 1539 audiebas,
744 1492 845 1531 mihi
864 1493 993 1540 illum,
1015 1507 1067 1533 ex
1087 1495 1227 1534 multis
1247 1498 1449 1549 variisque

238 1563 508 1608 sermonibus,
541 1563 690 1603 nullius
722 1566 797 1610 rei,
829 1578 936 1617 quae
970 1565 1138 1617 quidem
1171 1572 1282 1606 esset
1311 1570 1356 1606 in
1386 1567 1448 1607 his

238 1634 410 1679 artibus,
431 1634 484 1672 de
505 1635 653 1685 quibus
675 1634 829 1687 aliquid
849 1639 1086 1675 existimare
1106 1650 1283 1689 possem,
1302 1638 1448 1678 rudem

237 1709 312 1742 aut
329 1707 519 1756 ignarum
538 1718 628 1744 esse
647 1708 790 1745 visum.

196 1785 221 1819 4
288 1773 371 1814 Sed
388 1774 468 1814 fuit
485 1775 562 1815 hoc
579 1779 622 1814 in
640 1782 816 1829 utroque
835 1790 991 1824 eorum,
1008 1783 1057 1817 ut
1074 1778 1242 1818 Crassus
1259 1793 1342 1819 non
1358 1785 1446 1820 tam

236 1847 463 1885 existimari
489 1846 616 1886 vellet
642 1861 724 1886 non
751 1848 954 1895 didicisse,
974 1862 1099 1901 quam
1124 1850 1194 1888 illa
1220 1850 1446 1903 despicere,

280 1957 294 1978 ¹
316 1959 392 1992 eius
411 1958 520 1992 domi.
569 1959 638 1993 The
655 1961 849 1994 correction
867 1960 911 2004 os
927 1960 1071 1996 Piderit
1090 1962 1164 1996 and
1184 1962 1370 2007 Soroffor
1389 1964 1446 1998 the

235 2001 469 2045 indefeneible
484 2003 560 2036 eius
577 2002 675 2037 modi
691 2003 735 2047 of
745 2004 801 2038 the
817 2013 894 2039 usa.

238 2069 310 2110 198
