1560 2294
750 92 954 131 CICERO

247 196 444 235 barentur
471 200 514 234 in
546 196 706 248 populis
737 202 864 248 atque
893 199 936 234 in
965 197 1216 243 civitatibus,
1243 197 1333 248 quis
1365 196 1456 242 tibi,

246 263 405 309 Crasse,
437 267 717 310 concessisset,
750 263 970 302 clarissimo
1001 266 1100 310 viro,
1133 269 1177 302 et
1208 263 1456 315 amplissimo

245 333 417 382 principi
440 333 631 377 civitatis,
655 336 703 369 ut
724 331 794 368 illa
817 331 972 369 diceres
995 334 1039 369 in
1060 333 1241 369 maxima
1263 333 1456 369 concione

245 403 411 436 tuorum
427 401 589 443 civium,
603 411 709 450 quae
726 398 891 436 dixisti?
922 397 930 411 ‘
942 398 1101 449 Eripite
1117 411 1190 436 nos
1204 410 1256 436 ex
1270 399 1456 442 miseriis,

247 468 394 516 eripite
428 478 501 504 nos
535 478 588 503 ex
620 464 806 504 faucibus
841 478 997 511 eorum,
1031 479 1205 517 quorum
1237 464 1456 503 crudelitas

246 538 386 571 nostro
403 535 602 585 sanguine
619 546 702 571 non
717 538 858 584 potest
875 532 1031 584 expleri
1049 545 1059 579 ;
1090 532 1218 571 nolite
1235 534 1367 570 sinere
1384 544 1457 570 nos

246 602 436 651 cuiquam
463 603 628 646 servire,
652 602 728 638 nisi
753 601 866 638 vobis
891 601 1102 646 universis,
1127 599 1274 651 quibus
1300 604 1344 637 et
1366 611 1459 650 pos-

247 680 386 705 sumus
414 672 458 705 et
487 666 714 705 debemus.’
770 667 931 706 Omitto
961 666 1196 713 ‘miserias,'
1224 668 1268 705 in
1296 666 1458 718 quibuS‚

247 740 296 773 ut
332 734 389 772 illi
427 736 557 780 aiunt,
594 737 655 772 vir
690 733 807 773 fortis
845 747 935 773 esse
972 748 1055 772 non
1090 739 1259 786 potest;
1310 735 1458 771 omitto

248 801 259 816 ‘
276 800 445 847 fauces‚’
474 814 525 840 ex
554 802 701 853 quibus
738 806 783 840 te
823 804 924 853 eripi
953 804 1025 847 vis,
1052 814 1105 840 ne
1143 801 1291 839 iudicio
1317 802 1458 852 iniquo

249 870 518 908 exsorbeatur
558 871 723 921 sanguis
762 874 888 915 tuus;
934 869 1045 921 quod
1086 870 1263 920 sapienti
1301 871 1458 919 negant

249 937 434 975 accidere
471 949 620 987 posse3
668 935 868 975 ‘servire'
899 950 996 975 vero
1033 950 1115 975 non
1147 935 1270 974 modo
1296 941 1356 981 te,
1383 933 1457 972 sed

247 1006 482 1042 universum
500 1003 714 1049 Senatum,
731 1006 844 1042 cuius
861 1009 951 1042 tum
969 1017 1134 1042 causam
1151 1003 1319 1055 agebas,
1336 1014 1457 1040 ausus

248 1084 291 1109 es
310 1071 446 1109 dicere
465 1071 480 1109 ?

163 1150 229 1184 226
300 1137 498 1177 Potestne
531 1141 673 1184 virtus,
705 1137 864 1183 Crasse,
895 1140 1060 1184 servire,
1091 1140 1179 1177 istis
1211 1137 1458 1182 auctoribus,

248 1219 422 1258 quorum
437 1212 485 1244 tu
500 1211 724 1257 praecepta
739 1207 910 1244 oratoris
925 1204 1125 1244 facultate
1142 1204 1424 1256 complecteris
1442 1203 1458 1241 ?

249 1272 367 1321 Quae
389 1279 434 1312 et
454 1286 630 1324 semper,
652 1279 697 1312 et
717 1272 802 1310 sola
821 1272 952 1311 libera
972 1279 1050 1318 est,
1071 1285 1276 1324 quaeque,
1298 1272 1459 1310 etiamsi

248 1353 418 1391 corpora
455 1346 578 1391 capta
615 1342 698 1380 sint
735 1342 870 1386 armis,
909 1345 982 1378 aut
1019 1341 1240 1378 constricta
1277 1337 1459 1384 vinculis,

249 1413 392 1446 tamen
422 1420 540 1445 suum
569 1410 646 1453 ius,
676 1412 803 1459 atque
837 1409 1020 1445 omnium
1048 1419 1185 1445 rerum
1214 1408 1460 1457 impunitam

249 1475 487 1513 libertatem
506 1480 651 1513 tenere
673 1474 838 1513 debeat.
895 1474 1013 1522 Quae
1033 1487 1129 1512 vero
1151 1473 1358 1518 addidisti,
1378 1485 1459 1510 non

249 1542 371 1581 modo
405 1542 604 1580 Senatum
637 1544 788 1580 servire
822 1540 831 1556 ‘
850 1555 969 1593 posse
989 1540 998 1554 ’
1027 1541 1193 1593 populo,
1222 1539 1296 1579 sed
1333 1541 1460 1578 etiam

250 1609 259 1623 ‘
279 1608 461 1654 debere,'
499 1612 588 1661 quis
635 1608 712 1647 hoc
754 1608 1017 1660 philosophus
1059 1613 1147 1646 tam
1188 1607 1334 1653 mollis,
1371 1612 1459 1645 tam

249 1674 481 1728 languidus,
502 1681 590 1714 tam
612 1681 844 1722 enervatus,
865 1681 952 1714 tam
973 1678 1110 1713 omnia
1131 1674 1183 1713 ad
1203 1674 1460 1726 voluptatem

250 1746 427 1794 corporis
452 1743 717 1795 doloremque
741 1742 938 1788 referens,
962 1743 1135 1794 probare
1158 1746 1313 1793 posset,
1337 1740 1462 1779 Sena-

250 1816 341 1849 tum
370 1813 519 1849 servire
548 1810 713 1862 populo,
741 1813 806 1848 cui
833 1809 1007 1862 populus
1035 1812 1122 1860 ipse
1149 1807 1390 1847 moderandi
1417 1812 1462 1847 et

251 1877 423 1929 regendi
462 1880 523 1915 sui
562 1883 832 1928 potestatem,
871 1879 987 1928 quasi
1027 1876 1226 1927 quasdam
1264 1875 1461 1922 habenas,

252 1944 490 1983 tradidisset
508 1944 524 1982 Ρ

258 2053 331 2088 160
