1560 2294
757 111 962 151 CICERO

424 239 435 249 .
461 239 470 249 .
497 239 506 249 .
532 214 654 249 Homo
671 215 794 249 fatuus

425 258 623 302 Postquam
640 270 716 292 rem
733 259 865 293 habere
881 260 1000 303 coepit
1015 261 1070 293 est
1085 262 1282 295 emortuus.

252 319 309 358 Et

381 408 391 418 .
418 409 428 418 .
454 409 464 418 .
490 383 589 426 Quid
606 387 661 418 est
676 384 743 418 tibi

381 428 455 462 Ista
471 428 599 462 mulier
612 431 628 462 ἲ
643 446 690 452 —-
708 428 820 462 Uxor.
838 447 886 452 —
901 427 1036 462 Similis
1053 440 1111 462 me
1127 428 1209 463 dius
1224 427 1345 465 fidius.

250 482 308 522 Et

377 547 562 590 Quamdiu
579 547 627 581 ad
644 559 759 592 aquas
774 549 856 588 fuit,
873 559 1061 592 nunquam
1077 552 1132 583 est
1147 551 1342 584 emortuus.

305 624 499 663 LXVIII.
529 624 672 664 Genus
695 624 773 664 hoc
796 625 940 671 levius,
965 630 1024 672 et,
1047 631 1096 665 ut
1119 625 1219 672 dixi,
1242 629 1466 675 mimicum,

251 679 326 718 sed
347 678 477 719 habet
499 693 795 732 nonnunquam
819 679 973 732 aliquid
996 683 1124 719 etiam
1146 681 1258 732 apud
1279 695 1353 720 nos
1374 681 1466 730 loci,

251 740 300 774 ut
316 734 382 773 vel
398 748 481 773 non
497 735 648 773 stultus
666 737 782 786 quasi
799 735 927 774 stulte
943 748 1037 773 cum
1054 735 1138 774 sale
1155 735 1267 774 dicat
1283 735 1438 789 aliquid
1455 750 1465 776 2

252 795 300 827 ut
323 790 414 834 tibi,
438 790 610 835 Antoni,
632 789 813 835 Mancia,
829 803 923 828 cum
943 789 1127 829 audisset
1145 795 1190 829 te
1209 803 1422 830 censorem
1441 805 1466 830 a

254 843 315 882 M.
356 844 541 882 Duronio
579 843 632 883 de
672 844 831 882 ambitu
869 844 1139 896 postulatum,
1174 843 1183 858 ‘
1202 844 1466 897 Aliquando,'

169 907 235 942 275
252 900 402 950 inquit,
432 898 440 912 ¹
455 899 532 937 tibi
560 904 681 937 tuum
709 901 925 951 negotium
954 912 1078 951 agere
1105 898 1275 938 licebit!
1335 899 1465 940 Valde

251 952 355 991 haec
373 952 575 999 ridentur,
596 958 640 992 et
662 952 829 992 hercule
849 956 1000 999 omnia,
1020 967 1127 1006 quae
1147 967 1172 992 a
1194 953 1466 1006 prudentibus

253 1006 403 1060 [quasi]
431 1021 507 1059 per
535 1007 904 1046 dissimulationem
932 1007 1031 1060 [non
1058 1008 1344 1062 intellegendi]
1371 1010 1466 1049 sub-

252 1062 429 1101 absurde
449 1062 637 1114 salseque
651 1062 856 1101 dicuntur.
911 1062 976 1101 Ex
992 1076 1073 1114 quo
1086 1076 1240 1115 genere
1255 1069 1319 1102 est
1339 1066 1466 1103 etiam

250 1130 334 1156 non
353 1116 482 1155 videri
500 1116 744 1170 intellegere
765 1117 876 1169 quod
895 1117 1112 1170 intellegas
1131 1130 1142 1163 3
1170 1123 1218 1156 ut
1237 1117 1466 1166 Pontidius,

251 1171 260 1185 ¹
280 1171 457 1219 Qualem
482 1174 693 1210 existimas
717 1174 787 1224 qui
806 1174 849 1210 in
869 1172 1072 1210 adulterio
1091 1171 1464 1223 deprehenditur?’

250 1225 312 1255 —‘
331 1225 540 1264 Tardum.'
611 1226 673 1266 Ut
719 1239 812 1278 ego,
853 1229 924 1278 qui
969 1229 1013 1265 in
1052 1226 1233 1273 delectu,
1275 1227 1465 1274 Metello,

251 1294 346 1319 cum
370 1283 679 1319 excusationem
705 1280 915 1319 oculorum
938 1294 963 1318 a
987 1294 1056 1319 me
1080 1295 1163 1320 non
1189 1283 1396 1333 acciperet
1421 1287 1466 1322 et

170 1342 235 1376 276
253 1335 439 1381 dixisset,
464 1334 474 1349 ⁴
492 1335 555 1373 Tu
586 1337 713 1388 igitur
745 1335 846 1374 nihil
874 1335 988 1374 vides
1007 1335 1023 1374 ?
1042 1334 1115 1364 ’—‘
1134 1335 1225 1388 Ego
1254 1336 1380 1383 vero,’
1404 1339 1466 1375 in-

252 1403 392 1442 quam,
421 1389 431 1404 ⁴
446 1403 472 1428 a
498 1395 620 1441 porta
648 1390 862 1442 Esquilina
890 1390 1009 1429 video
1038 1390 1176 1429 villam
1203 1389 1349 1430 tuam!
1405 1391 1466 1430 Ut

250 1444 351 1484 illud
378 1444 566 1490 Nasicae,
589 1447 660 1497 qui
686 1458 780 1483 cum
806 1444 860 1483 ad
884 1450 1054 1496 poetam
1079 1445 1259 1484 Ennium
1285 1447 1466 1485 venisset

251 1501 373 1551 eique
411 1499 464 1538 ab
502 1501 607 1538 ostio
641 1501 858 1551 quaerenti
897 1499 1077 1538 Ennium
1110 1499 1256 1539 ancilla
1293 1499 1466 1540 dixisset

297 1606 313 1622 ⁰
336 1602 563 1646 Apparently
578 1614 601 1636 a
615 1604 779 1646 warning
793 1603 873 1637 that
886 1603 1017 1646 luxury
1032 1602 1105 1637 and
1120 1605 1262 1638 avarice
1276 1615 1337 1638 are
1351 1603 1464 1648 likely

251 1649 289 1680 to
307 1646 487 1689 engender
502 1646 650 1681 disease.

298 1689 311 1710 δ
336 1690 412 1724 The
431 1690 614 1749 innuend'o
629 1701 743 1725 seems
761 1693 799 1724 to
814 1690 872 1731 be,
890 1690 900 1706 ‘
912 1690 951 1724 11·
965 1701 1038 1734 you
1053 1693 1125 1724 two
1140 1701 1202 1725 are
1217 1693 1280 1725 not
1296 1689 1463 1732 married,

248 1744 321 1798 50?
337 1734 506 1822 gerg-'1233’
509 1734 624 1812 abhint
637 1781 675 1812 to
692 1777 701 1792 ⁸
712 1778 760 1812 let
774 1778 852 1812 well
870 1778 999 1812 alone!
1045 1777 1223 1856 Congpare
1238 1778 1300 1813 the
1315 1777 1462 1823 epitaph

247 1824 285 1855 to
301 1821 347 1856 be
364 1822 449 1856 read
467 1823 563 1865 sixty
579 1832 682 1865 years
699 1833 770 1866 ago
787 1823 824 1856 in
841 1833 864 1855 a
881 1822 1007 1856 Devon
1024 1822 1114 1855 chur
1161 1821 1251 1865 yard
1266 1836 1276 1857 ε

350 1877 365 1896 ‘*
375 1882 472 1916 Here
488 1881 551 1916 lies
569 1882 585 1915 1
603 1881 676 1915 and
694 1893 757 1925 my
772 1885 843 1916 two
860 1882 1067 1926 daughters,

376 1925 437 1960 All
452 1926 611 1969 through
627 1925 801 1970 drinking
816 1926 878 1960 the
894 1925 1131 1960 Cheltenham
1147 1929 1273 1961 waters
1287 1939 1297 1965 ι

377 1969 416 2003 If
428 1970 518 2004 we’d
536 1970 627 2004 have
643 1969 750 2003 stuck
766 1973 804 2004 to
822 1969 958 2013 Epsom
974 1969 1073 2009 salts,

376 2013 480 2048 we’d
498 2024 606 2048 never
621 2013 712 2048 have
727 2024 830 2048 come
845 2017 884 2048 to
899 2013 999 2048 these
1015 2013 1098 2048 here
1115 2012 1257 2048 vaults)

241 2078 319 2114 406
