<?xml version="1.0" encoding="UTF-8"?>
<!DOCTYPE html PUBLIC "-//W3C//DTD XHTML 1.0 Transitional//EN"
    "http://www.w3.org/TR/xhtml1/DTD/xhtml1-transitional.dtd">
<html xmlns="http://www.w3.org/1999/xhtml" xml:lang="en" lang="en">
 <head>
  <title>
</title>
<meta http-equiv="Content-Type" content="text/html;charset=utf-8" />
  <meta name='ocr-system' content='tesseract 3.04.00' />
  <meta name='ocr-capabilities' content='ocr_page ocr_carea ocr_par ocr_line ocrx_word'/>
</head>
<body>
  <div class='ocr_page' id='page_1' title='image "./cicerodeoratore01ciceuoft_0058.png"; bbox 0 0 1560 2294; ppageno 0'>
   <div class='ocr_carea' id='block_1_1' title="bbox 767 81 971 120">
    <p class='ocr_par' dir='ltr' id='par_1_1' title="bbox 767 81 971 120">
     <span class='ocr_line' id='line_1_1' title="bbox 767 81 971 120; baseline 0 0"><span class='ocrx_word' id='word_1_1' title='bbox 767 81 971 120; x_wconf 86' lang='lat' dir='ltr'>CICERO</span> 
     </span>
    </p>
   </div>
   <div class='ocr_carea' id='block_1_2' title="bbox 204 184 1491 2015">
    <p class='ocr_par' dir='ltr' id='par_1_2' title="bbox 265 184 1491 758">
     <span class='ocr_line' id='line_1_2' title="bbox 266 184 1474 237; baseline -0.001 -13"><span class='ocrx_word' id='word_1_2' title='bbox 266 185 377 232; x_wconf 87' lang='lat' dir='ltr'><strong>bilia,</strong></span> <span class='ocrx_word' id='word_1_3' title='bbox 417 190 642 231; x_wconf 90' lang='lat' dir='ltr'><strong>consecter,</strong></span> <span class='ocrx_word' id='word_1_4' title='bbox 683 184 1030 237; x_wconf 88' lang='lat' dir='ltr'><strong>comprehendam</strong></span> <span class='ocrx_word' id='word_1_5' title='bbox 1070 185 1213 231; x_wconf 82' lang='lat' dir='ltr'><strong>brevi3</strong></span> <span class='ocrx_word' id='word_1_6' title='bbox 1267 186 1325 223; x_wconf 88' lang='lat' dir='ltr'><strong>sic</strong></span> <span class='ocrx_word' id='word_1_7' title='bbox 1365 186 1474 223; x_wconf 90' lang='lat' dir='ltr'><strong>enim</strong></span> 
     </span>
     <span class='ocr_line' id='line_1_3' title="bbox 266 258 1476 312; baseline -0.001 -13"><span class='ocrx_word' id='word_1_8' title='bbox 266 265 419 306; x_wconf 88' lang='lat' dir='ltr'><strong>statuo,</strong></span> <span class='ocrx_word' id='word_1_9' title='bbox 435 258 610 312; x_wconf 89' lang='lat' dir='ltr'><strong>perfecti</strong></span> <span class='ocrx_word' id='word_1_10' title='bbox 627 262 798 298; x_wconf 89' lang='lat' dir='ltr'><strong>oratoris</strong></span> <span class='ocrx_word' id='word_1_11' title='bbox 814 259 1097 298; x_wconf 80' lang='lat' dir='ltr'>moderatione</span> <span class='ocrx_word' id='word_1_12' title='bbox 1115 264 1159 298; x_wconf 89' lang='lat' dir='ltr'><strong>et</strong></span> <span class='ocrx_word' id='word_1_13' title='bbox 1175 260 1378 310; x_wconf 79' lang='lat' dir='ltr'><strong>sapientia</strong></span> <span class='ocrx_word' id='word_1_14' title='bbox 1393 271 1476 298; x_wconf 89' lang='lat' dir='ltr'><strong>non</strong></span> 
     </span>
     <span class='ocr_line' id='line_1_4' title="bbox 266 332 1476 386; baseline -0.002 -13"><span class='ocrx_word' id='word_1_15' title='bbox 266 335 396 374; x_wconf 85' lang='lat' dir='ltr'><strong>solum</strong></span> <span class='ocrx_word' id='word_1_16' title='bbox 429 336 554 385; x_wconf 91' lang='lat' dir='ltr'><strong>ipsius</strong></span> <span class='ocrx_word' id='word_1_17' title='bbox 588 334 851 386; x_wconf 85' lang='lat' dir='ltr'><strong>dignitatem,</strong></span> <span class='ocrx_word' id='word_1_18' title='bbox 885 333 959 372; x_wconf 91' lang='lat' dir='ltr'><strong>sed</strong></span> <span class='ocrx_word' id='word_1_19' title='bbox 992 339 1037 372; x_wconf 92' lang='lat' dir='ltr'><strong>et</strong></span> <span class='ocrx_word' id='word_1_20' title='bbox 1068 335 1321 385; x_wconf 87' lang='lat' dir='ltr'><strong>privatorum</strong></span> <span class='ocrx_word' id='word_1_21' title='bbox 1353 332 1476 384; x_wconf 90' lang='lat' dir='ltr'><strong>pluri-</strong></span> 
     </span>
     <span class='ocr_line' id='line_1_5' title="bbox 265 406 1475 459; baseline -0.002 -11"><span class='ocrx_word' id='word_1_22' title='bbox 265 422 439 455; x_wconf 91' lang='lat' dir='ltr'><strong>morum,</strong></span> <span class='ocrx_word' id='word_1_23' title='bbox 475 414 519 447; x_wconf 87' lang='lat' dir='ltr'><strong>et</strong></span> <span class='ocrx_word' id='word_1_24' title='bbox 553 410 767 446; x_wconf 88' lang='lat' dir='ltr'><strong>universae</strong></span> <span class='ocrx_word' id='word_1_25' title='bbox 801 407 1051 459; x_wconf 90' lang='lat' dir='ltr'><strong>reipublicae</strong></span> <span class='ocrx_word' id='word_1_26' title='bbox 1085 406 1262 446; x_wconf 86' lang='lat' dir='ltr'><strong>salutem</strong></span> <span class='ocrx_word' id='word_1_27' title='bbox 1295 408 1475 446; x_wconf 85' lang='lat' dir='ltr'><strong>maxime</strong></span> 
     </span>
     <span class='ocr_line' id='line_1_6' title="bbox 266 480 1475 534; baseline -0.002 -12"><span class='ocrx_word' id='word_1_28' title='bbox 266 485 478 523; x_wconf 77' lang='lat' dir='ltr'><strong>contineri.</strong></span> <span class='ocrx_word' id='word_1_29' title='bbox 537 481 673 531; x_wconf 85' lang='lat' dir='ltr'><strong>Quam</strong></span> <span class='ocrx_word' id='word_1_30' title='bbox 699 482 753 521; x_wconf 95' lang='lat' dir='ltr'><strong>ob</strong></span> <span class='ocrx_word' id='word_1_31' title='bbox 781 495 870 521; x_wconf 94' lang='lat' dir='ltr'><strong>rem</strong></span> <span class='ocrx_word' id='word_1_32' title='bbox 895 484 1073 534; x_wconf 82' lang='lat' dir='ltr'><strong>pergite,</strong></span> <span class='ocrx_word' id='word_1_33' title='bbox 1092 487 1141 520; x_wconf 93' lang='lat' dir='ltr'><strong>ut</strong></span> <span class='ocrx_word' id='word_1_34' title='bbox 1168 480 1318 528; x_wconf 85' lang='lat' dir='ltr'><strong>facitis,</strong></span> <span class='ocrx_word' id='word_1_35' title='bbox 1339 480 1475 520; x_wconf 85' lang='lat' dir='ltr'><strong>adole-</strong></span> 
     </span>
     <span class='ocr_line' id='line_1_7' title="bbox 266 556 1476 608; baseline -0.002 -12"><span class='ocrx_word' id='word_1_36' title='bbox 266 563 443 603; x_wconf 91' lang='lat' dir='ltr'><strong>scentes,</strong></span> <span class='ocrx_word' id='word_1_37' title='bbox 484 562 611 608; x_wconf 88' lang='lat' dir='ltr'><strong>atque</strong></span> <span class='ocrx_word' id='word_1_38' title='bbox 650 559 693 594; x_wconf 93' lang='lat' dir='ltr'><strong>in</strong></span> <span class='ocrx_word' id='word_1_39' title='bbox 731 556 775 595; x_wconf 93' lang='lat' dir='ltr'><strong>id</strong></span> <span class='ocrx_word' id='word_1_40' title='bbox 818 556 1014 602; x_wconf 90' lang='lat' dir='ltr'><strong>studium,</strong></span> <span class='ocrx_word' id='word_1_41' title='bbox 1053 557 1098 594; x_wconf 90' lang='lat' dir='ltr'><strong>in</strong></span> <span class='ocrx_word' id='word_1_42' title='bbox 1140 569 1222 608; x_wconf 93' lang='lat' dir='ltr'><strong>quo</strong></span> <span class='ocrx_word' id='word_1_43' title='bbox 1263 557 1377 601; x_wconf 76' lang='lat' dir='ltr'><strong>estis,</strong></span> <span class='ocrx_word' id='word_1_44' title='bbox 1414 557 1476 593; x_wconf 90' lang='lat' dir='ltr'><strong>in-</strong></span> 
     </span>
     <span class='ocr_line' id='line_1_8' title="bbox 266 629 1491 680; baseline -0.002 -10"><span class='ocrx_word' id='word_1_45' title='bbox 266 632 463 677; x_wconf 91' lang='lat' dir='ltr'><strong>cumbite,</strong></span> <span class='ocrx_word' id='word_1_46' title='bbox 492 636 540 669; x_wconf 92' lang='lat' dir='ltr'><strong>ut</strong></span> <span class='ocrx_word' id='word_1_47' title='bbox 568 636 613 669; x_wconf 90' lang='lat' dir='ltr'><strong>et</strong></span> <span class='ocrx_word' id='word_1_48' title='bbox 641 631 754 669; x_wconf 91' lang='lat' dir='ltr'><strong>vobis</strong></span> <span class='ocrx_word' id='word_1_49' title='bbox 787 629 946 676; x_wconf 92' lang='lat' dir='ltr'><strong>honori,</strong></span> <span class='ocrx_word' id='word_1_50' title='bbox 976 635 1020 668; x_wconf 88' lang='lat' dir='ltr'><strong>et</strong></span> <span class='ocrx_word' id='word_1_51' title='bbox 1049 632 1188 668; x_wconf 92' lang='lat' dir='ltr'><strong>amicis</strong></span> <span class='ocrx_word' id='word_1_52' title='bbox 1216 629 1403 675; x_wconf 87' lang='lat' dir='ltr'><strong>utilitati,</strong></span> <span class='ocrx_word' id='word_1_53' title='bbox 1431 633 1491 680; x_wconf 64' lang='lat' dir='ltr'><strong>et&gt;</strong></span> 
     </span>
     <span class='ocr_line' id='line_1_9' title="bbox 266 704 1119 758; baseline -0.002 -14"><span class='ocrx_word' id='word_1_54' title='bbox 266 705 515 758; x_wconf 90' lang='lat' dir='ltr'><strong>reipublicae</strong></span> <span class='ocrx_word' id='word_1_55' title='bbox 536 704 815 744; x_wconf 91' lang='lat' dir='ltr'><strong>emolumento</strong></span> <span class='ocrx_word' id='word_1_56' title='bbox 835 717 924 743; x_wconf 91' lang='lat' dir='ltr'><strong>esse</strong></span> <span class='ocrx_word' id='word_1_57' title='bbox 943 706 1119 756; x_wconf 90' lang='lat' dir='ltr'><strong>possitis.</strong></span> 
     </span>
    </p>

    <p class='ocr_par' dir='ltr' id='par_1_3' title="bbox 204 776 1477 1349">
     <span class='ocr_line' id='line_1_10' title="bbox 204 776 1476 824; baseline -0.002 -5"><span class='ocrx_word' id='word_1_58' title='bbox 204 786 249 820; x_wconf 88' lang='lat'><strong>35</strong></span> <span class='ocrx_word' id='word_1_59' title='bbox 320 780 392 818; x_wconf 92' lang='lat' dir='ltr'><strong>IX.</strong></span> <span class='ocrx_word' id='word_1_60' title='bbox 421 779 526 818; x_wconf 89' lang='lat' dir='ltr'><strong>Tum</strong></span> <span class='ocrx_word' id='word_1_61' title='bbox 558 778 752 817; x_wconf 89' lang='lat' dir='ltr'><strong>Scaevola</strong></span> <span class='ocrx_word' id='word_1_62' title='bbox 782 781 967 824; x_wconf 90' lang='lat' dir='ltr'><strong>comiter,</strong></span> <span class='ocrx_word' id='word_1_63' title='bbox 998 783 1047 816; x_wconf 88' lang='lat' dir='ltr'><strong>ut</strong></span> <span class='ocrx_word' id='word_1_64' title='bbox 1076 777 1265 817; x_wconf 82' lang='lat' dir='ltr'><strong>solebat:</strong></span> <span class='ocrx_word' id='word_1_65' title='bbox 1311 776 1476 824; x_wconf 84' lang='lat' dir='ltr'><strong>Cetera,</strong></span> 
     </span>
     <span class='ocr_line' id='line_1_11' title="bbox 266 851 1475 906; baseline -0.002 -14"><span class='ocrx_word' id='word_1_66' title='bbox 266 856 415 906; x_wconf 90' lang='lat' dir='ltr'><strong>inquit,</strong></span> <span class='ocrx_word' id='word_1_67' title='bbox 441 855 640 892; x_wconf 83' lang='lat' dir='ltr'><strong>assentior</strong></span> <span class='ocrx_word' id='word_1_68' title='bbox 665 852 824 899; x_wconf 89' lang='lat' dir='ltr'><strong>Crasso,</strong></span> <span class='ocrx_word' id='word_1_69' title='bbox 849 865 903 891; x_wconf 92' lang='lat' dir='ltr'><strong>ne</strong></span> <span class='ocrx_word' id='word_1_70' title='bbox 929 857 1002 890; x_wconf 88' lang='lat' dir='ltr'><strong>aut</strong></span> <span class='ocrx_word' id='word_1_71' title='bbox 1030 851 1083 891; x_wconf 91' lang='lat' dir='ltr'><strong>de</strong></span> <span class='ocrx_word' id='word_1_72' title='bbox 1111 851 1157 890; x_wconf 87' lang='lat' dir='ltr'><strong>C.</strong></span> <span class='ocrx_word' id='word_1_73' title='bbox 1186 851 1329 898; x_wconf 88' lang='lat' dir='ltr'><strong>Laelii,</strong></span> <span class='ocrx_word' id='word_1_74' title='bbox 1348 853 1475 890; x_wconf 89' lang='lat' dir='ltr'><strong>soceri</strong></span> 
     </span>
     <span class='ocr_line' id='line_1_12' title="bbox 267 925 1475 979; baseline -0.002 -12"><span class='ocrx_word' id='word_1_75' title='bbox 267 931 364 974; x_wconf 91' lang='lat' dir='ltr'><strong>mei,</strong></span> <span class='ocrx_word' id='word_1_76' title='bbox 387 933 460 966; x_wconf 89' lang='lat' dir='ltr'><strong>aut</strong></span> <span class='ocrx_word' id='word_1_77' title='bbox 488 927 541 967; x_wconf 90' lang='lat' dir='ltr'><strong>de</strong></span> <span class='ocrx_word' id='word_1_78' title='bbox 569 926 703 973; x_wconf 87' lang='lat' dir='ltr'><strong>huius,</strong></span> <span class='ocrx_word' id='word_1_79' title='bbox 730 929 887 979; x_wconf 88' lang='lat' dir='ltr'><strong>generi,</strong></span> <span class='ocrx_word' id='word_1_80' title='bbox 915 932 988 965; x_wconf 88' lang='lat' dir='ltr'><strong>aut</strong></span> <span class='ocrx_word' id='word_1_81' title='bbox 1016 932 1120 972; x_wconf 89' lang='lat' dir='ltr'><strong>arte,</strong></span> <span class='ocrx_word' id='word_1_82' title='bbox 1149 931 1222 965; x_wconf 87' lang='lat' dir='ltr'><strong>aut</strong></span> <span class='ocrx_word' id='word_1_83' title='bbox 1247 925 1377 978; x_wconf 89' lang='lat' dir='ltr'><strong>gloria</strong></span> <span class='ocrx_word' id='word_1_84' title='bbox 1404 925 1475 964; x_wconf 86' lang='lat' dir='ltr'><strong>de-</strong></span> 
     </span>
     <span class='ocr_line' id='line_1_13' title="bbox 267 1000 1476 1051; baseline -0.002 -10"><span class='ocrx_word' id='word_1_85' title='bbox 267 1002 430 1042; x_wconf 87' lang='lat' dir='ltr'><strong>traham</strong></span> <span class='ocrx_word' id='word_1_86' title='bbox 448 1015 458 1049; x_wconf 83' lang='lat'><em>3</em></span> <span class='ocrx_word' id='word_1_87' title='bbox 489 1002 563 1041; x_wconf 92' lang='lat' dir='ltr'><strong>sed</strong></span> <span class='ocrx_word' id='word_1_88' title='bbox 586 1001 655 1039; x_wconf 88' lang='lat' dir='ltr'><strong>illa</strong></span> <span class='ocrx_word' id='word_1_89' title='bbox 679 1001 775 1047; x_wconf 93' lang='lat' dir='ltr'><strong>duo,</strong></span> <span class='ocrx_word' id='word_1_90' title='bbox 797 1000 957 1047; x_wconf 87' lang='lat' dir='ltr'><strong>Crasse,</strong></span> <span class='ocrx_word' id='word_1_91' title='bbox 977 1013 1133 1046; x_wconf 89' lang='lat' dir='ltr'><strong>vereor,</strong></span> <span class='ocrx_word' id='word_1_92' title='bbox 1157 1005 1206 1038; x_wconf 92' lang='lat' dir='ltr'><strong>ut</strong></span> <span class='ocrx_word' id='word_1_93' title='bbox 1229 1000 1305 1038; x_wconf 91' lang='lat' dir='ltr'><strong>tibi</strong></span> <span class='ocrx_word' id='word_1_94' title='bbox 1325 1002 1476 1051; x_wconf 88' lang='lat' dir='ltr'><strong>possim</strong></span> 
     </span>
     <span class='ocr_line' id='line_1_14' title="bbox 267 1074 1476 1127; baseline -0.003 -11"><span class='ocrx_word' id='word_1_95' title='bbox 267 1076 520 1116; x_wconf 88' lang='lat' dir='ltr'><strong>concedere:</strong></span> <span class='ocrx_word' id='word_1_96' title='bbox 565 1089 706 1121; x_wconf 91' lang='lat' dir='ltr'><strong>unum,</strong></span> <span class='ocrx_word' id='word_1_97' title='bbox 736 1074 847 1127; x_wconf 93' lang='lat' dir='ltr'><strong>quod</strong></span> <span class='ocrx_word' id='word_1_98' title='bbox 876 1075 928 1113; x_wconf 91' lang='lat' dir='ltr'><strong>ab</strong></span> <span class='ocrx_word' id='word_1_99' title='bbox 957 1074 1186 1113; x_wconf 87' lang='lat' dir='ltr'><strong>oratoribus</strong></span> <span class='ocrx_word' id='word_1_100' title='bbox 1214 1075 1402 1112; x_wconf 89' lang='lat' dir='ltr'><strong>civitates</strong></span> <span class='ocrx_word' id='word_1_101' title='bbox 1432 1078 1476 1113; x_wconf 88' lang='lat' dir='ltr'><strong>et</strong></span> 
     </span>
     <span class='ocr_line' id='line_1_15' title="bbox 268 1147 1476 1200; baseline -0.002 -11"><span class='ocrx_word' id='word_1_102' title='bbox 268 1152 320 1190; x_wconf 86' lang='lat' dir='ltr'><strong>ab</strong></span> <span class='ocrx_word' id='word_1_103' title='bbox 336 1153 452 1189; x_wconf 86' lang='lat' dir='ltr'><strong>initio</strong></span> <span class='ocrx_word' id='word_1_104' title='bbox 468 1152 714 1188; x_wconf 87' lang='lat' dir='ltr'><strong>constitutas</strong></span> <span class='ocrx_word' id='word_1_105' title='bbox 730 1154 774 1187; x_wconf 90' lang='lat' dir='ltr'><strong>et</strong></span> <span class='ocrx_word' id='word_1_106' title='bbox 789 1162 914 1200; x_wconf 87' lang='lat' dir='ltr'><strong>saepe</strong></span> <span class='ocrx_word' id='word_1_107' title='bbox 930 1153 1191 1187; x_wconf 87' lang='lat' dir='ltr'><strong>conservatas</strong></span> <span class='ocrx_word' id='word_1_108' title='bbox 1207 1160 1296 1186; x_wconf 91' lang='lat' dir='ltr'><strong>esse</strong></span> <span class='ocrx_word' id='word_1_109' title='bbox 1311 1147 1476 1194; x_wconf 77' lang='lat' dir='ltr'><strong>dixisti3</strong></span> 
     </span>
     <span class='ocr_line' id='line_1_16' title="bbox 269 1220 1476 1276; baseline -0.004 -12"><span class='ocrx_word' id='word_1_110' title='bbox 269 1225 458 1271; x_wconf 89' lang='lat' dir='ltr'><strong>alterum,</strong></span> <span class='ocrx_word' id='word_1_111' title='bbox 473 1224 597 1276; x_wconf 92' lang='lat' dir='ltr'><strong>quod,</strong></span> <span class='ocrx_word' id='word_1_112' title='bbox 609 1229 769 1262; x_wconf 89' lang='lat' dir='ltr'><strong>remoto</strong></span> <span class='ocrx_word' id='word_1_113' title='bbox 782 1221 885 1269; x_wconf 89' lang='lat' dir='ltr'><strong>foro,</strong></span> <span class='ocrx_word' id='word_1_114' title='bbox 899 1225 1106 1268; x_wconf 91' lang='lat' dir='ltr'><strong>concione,</strong></span> <span class='ocrx_word' id='word_1_115' title='bbox 1119 1221 1291 1268; x_wconf 87' lang='lat' dir='ltr'><strong>iudiciis,</strong></span> <span class='ocrx_word' id='word_1_116' title='bbox 1305 1220 1476 1268; x_wconf 84' lang='lat' dir='ltr'><strong>Senatu,</strong></span> 
     </span>
     <span class='ocr_line' id='line_1_17' title="bbox 269 1294 1477 1349; baseline -0.004 -11"><span class='ocrx_word' id='word_1_117' title='bbox 269 1301 465 1344; x_wconf 86' lang='lat' dir='ltr'><strong>statuisti,</strong></span> <span class='ocrx_word' id='word_1_118' title='bbox 489 1303 694 1337; x_wconf 89' lang='lat' dir='ltr'><strong>oratorem</strong></span> <span class='ocrx_word' id='word_1_119' title='bbox 721 1300 764 1335; x_wconf 93' lang='lat' dir='ltr'><strong>in</strong></span> <span class='ocrx_word' id='word_1_120' title='bbox 789 1299 901 1336; x_wconf 85' lang='lat' dir='ltr'><strong>omni</strong></span> <span class='ocrx_word' id='word_1_121' title='bbox 926 1309 1079 1349; x_wconf 88' lang='lat' dir='ltr'><strong>genere</strong></span> <span class='ocrx_word' id='word_1_122' title='bbox 1108 1298 1305 1335; x_wconf 90' lang='lat' dir='ltr'><strong>sermonis</strong></span> <span class='ocrx_word' id='word_1_123' title='bbox 1333 1300 1378 1334; x_wconf 92' lang='lat' dir='ltr'><strong>et</strong></span> <span class='ocrx_word' id='word_1_124' title='bbox 1403 1294 1477 1333; x_wconf 93' lang='lat' dir='ltr'><strong>hu-</strong></span> 
     </span>
    </p>

    <p class='ocr_par' dir='ltr' id='par_1_4' title="bbox 207 1368 1479 1867">
     <span class='ocr_line' id='line_1_18' title="bbox 207 1368 1478 1423; baseline -0.004 -11"><span class='ocrx_word' id='word_1_125' title='bbox 207 1379 252 1413; x_wconf 85' lang='lat'><strong>36</strong></span> <span class='ocrx_word' id='word_1_126' title='bbox 269 1375 479 1412; x_wconf 86' lang='lat' dir='ltr'><strong>manitatis</strong></span> <span class='ocrx_word' id='word_1_127' title='bbox 501 1385 590 1411; x_wconf 89' lang='lat' dir='ltr'><strong>esse</strong></span> <span class='ocrx_word' id='word_1_128' title='bbox 613 1370 857 1423; x_wconf 90' lang='lat' dir='ltr'><strong>perfectum.</strong></span> <span class='ocrx_word' id='word_1_129' title='bbox 916 1370 1017 1418; x_wconf 85' lang='lat' dir='ltr'><strong>Quis</strong></span> <span class='ocrx_word' id='word_1_130' title='bbox 1048 1373 1157 1409; x_wconf 91' lang='lat' dir='ltr'><strong>enim</strong></span> <span class='ocrx_word' id='word_1_131' title='bbox 1182 1370 1259 1408; x_wconf 92' lang='lat' dir='ltr'><strong>tibi</strong></span> <span class='ocrx_word' id='word_1_132' title='bbox 1284 1368 1362 1408; x_wconf 88' lang='lat' dir='ltr'><strong>hoc</strong></span> <span class='ocrx_word' id='word_1_133' title='bbox 1383 1381 1478 1408; x_wconf 92' lang='lat' dir='ltr'><strong>con-</strong></span> 
     </span>
     <span class='ocr_line' id='line_1_19' title="bbox 270 1443 1478 1498; baseline -0.004 -12"><span class='ocrx_word' id='word_1_134' title='bbox 270 1450 452 1493; x_wconf 89' lang='lat' dir='ltr'><strong>cesserit,</strong></span> <span class='ocrx_word' id='word_1_135' title='bbox 479 1452 552 1484; x_wconf 80' lang='lat' dir='ltr'><strong>aut</strong></span> <span class='ocrx_word' id='word_1_136' title='bbox 579 1448 696 1484; x_wconf 90' lang='lat' dir='ltr'><strong>initio</strong></span> <span class='ocrx_word' id='word_1_137' title='bbox 725 1458 855 1498; x_wconf 90' lang='lat' dir='ltr'><strong>genus</strong></span> <span class='ocrx_word' id='word_1_138' title='bbox 883 1444 1095 1483; x_wconf 92' lang='lat' dir='ltr'><strong>hominum</strong></span> <span class='ocrx_word' id='word_1_139' title='bbox 1121 1446 1166 1482; x_wconf 92' lang='lat' dir='ltr'><strong>in</strong></span> <span class='ocrx_word' id='word_1_140' title='bbox 1192 1443 1400 1482; x_wconf 89' lang='lat' dir='ltr'><strong>montibus</strong></span> <span class='ocrx_word' id='word_1_141' title='bbox 1430 1455 1478 1482; x_wconf 89' lang='lat' dir='ltr'><strong>ac</strong></span> 
     </span>
     <span class='ocr_line' id='line_1_20' title="bbox 271 1516 1478 1572; baseline -0.004 -12"><span class='ocrx_word' id='word_1_142' title='bbox 271 1522 378 1561; x_wconf 92' lang='lat' dir='ltr'><strong>silvis</strong></span> <span class='ocrx_word' id='word_1_143' title='bbox 430 1521 687 1572; x_wconf 86' lang='lat' dir='ltr'><strong>dissipatum,</strong></span> <span class='ocrx_word' id='word_1_144' title='bbox 723 1533 806 1558; x_wconf 89' lang='lat' dir='ltr'><strong>non</strong></span> <span class='ocrx_word' id='word_1_145' title='bbox 841 1519 1107 1571; x_wconf 89' lang='lat' dir='ltr'><strong>prudentium</strong></span> <span class='ocrx_word' id='word_1_146' title='bbox 1151 1516 1325 1556; x_wconf 87' lang='lat' dir='ltr'><strong>consiliis</strong></span> <span class='ocrx_word' id='word_1_147' title='bbox 1369 1530 1478 1556; x_wconf 92' lang='lat' dir='ltr'><strong>com·</strong></span> 
     </span>
     <span class='ocr_line' id='line_1_21' title="bbox 271 1590 1477 1648; baseline -0.004 -14"><span class='ocrx_word' id='word_1_148' title='bbox 271 1596 433 1648; x_wconf 92' lang='lat' dir='ltr'><strong>pulsum</strong></span> <span class='ocrx_word' id='word_1_149' title='bbox 456 1597 607 1646; x_wconf 89' lang='lat' dir='ltr'><strong>potius,</strong></span> <span class='ocrx_word' id='word_1_150' title='bbox 627 1607 751 1646; x_wconf 89' lang='lat' dir='ltr'><strong>quam</strong></span> <span class='ocrx_word' id='word_1_151' title='bbox 775 1593 1021 1632; x_wconf 87' lang='lat' dir='ltr'><strong>disertorum</strong></span> <span class='ocrx_word' id='word_1_152' title='bbox 1041 1594 1226 1631; x_wconf 87' lang='lat' dir='ltr'><strong>oratione</strong></span> <span class='ocrx_word' id='word_1_153' title='bbox 1246 1590 1477 1637; x_wconf 88' lang='lat' dir='ltr'><strong>delinitum,</strong></span> 
     </span>
     <span class='ocr_line' id='line_1_22' title="bbox 272 1664 1477 1721; baseline -0.004 -13"><span class='ocrx_word' id='word_1_154' title='bbox 272 1683 316 1708; x_wconf 92' lang='lat' dir='ltr'><strong>se</strong></span> <span class='ocrx_word' id='word_1_155' title='bbox 345 1669 504 1721; x_wconf 90' lang='lat' dir='ltr'><strong>oppidis</strong></span> <span class='ocrx_word' id='word_1_156' title='bbox 532 1668 829 1719; x_wconf 90' lang='lat' dir='ltr'><strong>moenibusque</strong></span> <span class='ocrx_word' id='word_1_157' title='bbox 858 1669 1047 1719; x_wconf 88' lang='lat' dir='ltr'><strong>sepsisse,</strong></span> <span class='ocrx_word' id='word_1_158' title='bbox 1075 1671 1149 1704; x_wconf 89' lang='lat' dir='ltr'><strong>aut</strong></span> <span class='ocrx_word' id='word_1_159' title='bbox 1177 1678 1273 1704; x_wconf 89' lang='lat' dir='ltr'><strong>vero</strong></span> <span class='ocrx_word' id='word_1_160' title='bbox 1300 1664 1477 1717; x_wconf 87' lang='lat' dir='ltr'><strong>reliquas</strong></span> 
     </span>
     <span class='ocr_line' id='line_1_23' title="bbox 272 1737 1478 1789; baseline -0.004 -7"><span class='ocrx_word' id='word_1_161' title='bbox 272 1743 489 1789; x_wconf 87' lang='lat' dir='ltr'><strong>utilitates,</strong></span> <span class='ocrx_word' id='word_1_162' title='bbox 516 1748 589 1781; x_wconf 91' lang='lat' dir='ltr'><strong>aut</strong></span> <span class='ocrx_word' id='word_1_163' title='bbox 616 1744 659 1781; x_wconf 91' lang='lat' dir='ltr'><strong>in</strong></span> <span class='ocrx_word' id='word_1_164' title='bbox 688 1741 999 1786; x_wconf 86' lang='lat' dir='ltr'><strong>constituendis,</strong></span> <span class='ocrx_word' id='word_1_165' title='bbox 1022 1745 1095 1779; x_wconf 89' lang='lat' dir='ltr'><strong>aut</strong></span> <span class='ocrx_word' id='word_1_166' title='bbox 1121 1742 1164 1778; x_wconf 92' lang='lat' dir='ltr'><strong>in</strong></span> <span class='ocrx_word' id='word_1_167' title='bbox 1192 1737 1478 1778; x_wconf 85' lang='lat' dir='ltr'><strong>conservandis</strong></span> 
     </span>
     <span class='ocr_line' id='line_1_24' title="bbox 273 1810 1479 1867; baseline -0.004 -11"><span class='ocrx_word' id='word_1_168' title='bbox 273 1818 521 1862; x_wconf 87' lang='lat' dir='ltr'><strong>civitatibus,</strong></span> <span class='ocrx_word' id='word_1_169' title='bbox 550 1830 632 1855; x_wconf 94' lang='lat' dir='ltr'><strong>non</strong></span> <span class='ocrx_word' id='word_1_170' title='bbox 661 1829 686 1854; x_wconf 88' lang='lat' dir='ltr'><strong>a</strong></span> <span class='ocrx_word' id='word_1_171' title='bbox 712 1815 966 1867; x_wconf 89' lang='lat' dir='ltr'><strong>sapientibus</strong></span> <span class='ocrx_word' id='word_1_172' title='bbox 995 1819 1040 1853; x_wconf 86' lang='lat' dir='ltr'><strong>et</strong></span> <span class='ocrx_word' id='word_1_173' title='bbox 1066 1812 1241 1852; x_wconf 87' lang='lat' dir='ltr'><strong>fortibus</strong></span> <span class='ocrx_word' id='word_1_174' title='bbox 1269 1815 1376 1858; x_wconf 81' lang='lat' dir='ltr'><strong>viriS,</strong></span> <span class='ocrx_word' id='word_1_175' title='bbox 1405 1810 1479 1851; x_wconf 88' lang='lat' dir='ltr'><strong>sed</strong></span> 
     </span>
    </p>

    <p class='ocr_par' dir='ltr' id='par_1_5' title="bbox 211 1885 1479 2015">
     <span class='ocr_line' id='line_1_25' title="bbox 211 1885 1479 1938; baseline -0.005 -8"><span class='ocrx_word' id='word_1_176' title='bbox 211 1904 253 1938; x_wconf 86' lang='lat'><strong>37</strong></span> <span class='ocrx_word' id='word_1_177' title='bbox 274 1905 297 1930; x_wconf 88' lang='lat' dir='ltr'><strong>a</strong></span> <span class='ocrx_word' id='word_1_178' title='bbox 317 1891 492 1936; x_wconf 84' lang='lat' dir='ltr'><strong>disertis,</strong></span> <span class='ocrx_word' id='word_1_179' title='bbox 509 1896 553 1929; x_wconf 89' lang='lat' dir='ltr'><strong>et</strong></span> <span class='ocrx_word' id='word_1_180' title='bbox 567 1895 711 1929; x_wconf 89' lang='lat' dir='ltr'><strong>ornate</strong></span> <span class='ocrx_word' id='word_1_181' title='bbox 732 1889 962 1928; x_wconf 90' lang='lat' dir='ltr'><strong>dicentibus</strong></span> <span class='ocrx_word' id='word_1_182' title='bbox 978 1901 1066 1926; x_wconf 91' lang='lat' dir='ltr'><strong>esse</strong></span> <span class='ocrx_word' id='word_1_183' title='bbox 1083 1889 1327 1926; x_wconf 85' lang='lat' dir='ltr'><strong>constitutas</strong></span> <span class='ocrx_word' id='word_1_184' title='bbox 1342 1886 1358 1924; x_wconf 77' lang='grc' dir='ltr'>Ρ</span> <span class='ocrx_word' id='word_1_185' title='bbox 1412 1885 1479 1924; x_wconf 88' lang='lat' dir='ltr'><strong>An</strong></span> 
     </span>
     <span class='ocr_line' id='line_1_26' title="bbox 274 1963 1479 2015; baseline -0.005 -11"><span class='ocrx_word' id='word_1_186' title='bbox 274 1979 370 2004; x_wconf 89' lang='lat' dir='ltr'><strong>vero</strong></span> <span class='ocrx_word' id='word_1_187' title='bbox 391 1965 467 2004; x_wconf 87' lang='lat' dir='ltr'><strong>tibi</strong></span> <span class='ocrx_word' id='word_1_188' title='bbox 480 1963 675 2003; x_wconf 87' lang='lat' dir='ltr'><strong>Romulus</strong></span> <span class='ocrx_word' id='word_1_189' title='bbox 701 1963 769 2002; x_wconf 89' lang='lat' dir='ltr'><strong>ille</strong></span> <span class='ocrx_word' id='word_1_190' title='bbox 793 1969 866 2002; x_wconf 83' lang='lat' dir='ltr'><strong>aut</strong></span> <span class='ocrx_word' id='word_1_191' title='bbox 892 1967 1077 2015; x_wconf 84' lang='lat' dir='ltr'><strong>pastores</strong></span> <span class='ocrx_word' id='word_1_192' title='bbox 1098 1966 1142 2000; x_wconf 84' lang='lat' dir='ltr'><strong>et</strong></span> <span class='ocrx_word' id='word_1_193' title='bbox 1164 1972 1366 2000; x_wconf 88' lang='lat' dir='ltr'><strong>convenas</strong></span> <span class='ocrx_word' id='word_1_194' title='bbox 1385 1971 1479 1999; x_wconf 89' lang='lat' dir='ltr'><strong>con·</strong></span> 
     </span>
    </p>
   </div>
   <div class='ocr_carea' id='block_1_3' title="bbox 272 2049 324 2084">
    <p class='ocr_par' dir='ltr' id='par_1_6' title="bbox 272 2049 324 2084">
     <span class='ocr_line' id='line_1_27' title="bbox 272 2049 324 2084; baseline 0 0"><span class='ocrx_word' id='word_1_195' title='bbox 272 2049 324 2084; x_wconf 79' lang='lat'><strong>26</strong></span> 
     </span>
    </p>
   </div>
  </div>
 </body>
</html>
