1560 2294
763 105 969 147 CICERO

258 202 386 244 claras
402 205 504 245 duas
521 212 631 247 artes
647 213 933 257 constitueres,
949 217 1076 264 atque
1091 214 1201 252 inter
1214 226 1259 252 se
1274 226 1408 266 pares»,
1424 219 1470 254 et

258 276 444 316 eiusdem
459 281 587 318 socias
603 279 830 332 dignitatis.
876 281 994 322 Nunc
1013 297 1123 330 vero,
1138 285 1468 324 iurisconsultum

256 339 344 377 sine
370 338 447 379 hac
473 341 724 394 eloquentia,
750 343 803 383 de
829 358 912 397 qua
936 349 1184 398 quaerimus,
1209 346 1352 386 fateris
1378 361 1468 387 esse

255 414 390 453 posse,
406 401 615 456 fuisseque
631 405 826 457 plurimos
844 420 855 454 ;
885 414 1091 447 oratorem
1107 422 1249 462 negas,
1265 412 1342 449 nisi
1356 410 1468 450 illam

255 474 471 513 scientiam
491 480 771 528 assumpserit,
791 492 881 518 esse
899 492 1032 531 posse.
1089 480 1157 520 Ita
1175 486 1240 520 est
1258 482 1335 520 tibi
1354 484 1469 520 iuris-

256 545 465 584 consultus
499 549 587 599 ipse
621 561 696 600 per
729 562 774 588 se
807 549 922 596 nihil,
956 553 1033 590 nisi
1066 551 1266 604 leguleius
1301 553 1469 605 quidam

256 622 402 655 cautus
429 624 474 657 et
499 625 658 666 acutus,
684 634 833 672 praeco
860 625 1082 669 actionum,
1108 629 1252 663 cantor
1276 623 1469 663 formula-

255 700 362 735 rum,
376 702 527 741 auceps
541 690 791 743 syllabarum
809 705 819 739 ;
847 693 922 732 sed
936 696 1033 746 quia
1046 707 1171 747 saepe
1186 698 1318 735 utitur
1331 701 1469 735 orator

257 760 437 799 subsidio
460 764 556 800 iuris
578 764 622 800 in
649 766 794 810 causis,
817 764 966 804 idcirco
988 768 1112 804 istam
1133 768 1230 805 iuris
1253 769 1467 806 scientiam

257 830 534 884 eloquentiae,
579 839 780 887 tanquam
825 836 1056 876 ancillulam
1100 837 1468 891 pedisequamque,

257 902 492 943 adiunxisti.

169 980 238 1014 237
309 974 417 1014 LVI.
447 975 569 1024 Quod
588 990 684 1016 vero
703 978 1004 1030 impudentiam
1025 979 1249 1019 admiratus
1267 993 1310 1019 es
1326 993 1467 1020 eorum

254 1051 536 1097 patronorum,
565 1050 635 1100 qui
671 1054 758 1095 aut,
786 1062 881 1088 cum
913 1063 1040 1102 parva
1068 1053 1288 1098 nescirent,
1315 1065 1467 1104 magna

254 1117 561 1169 profiterentur,
591 1125 665 1158 aut
698 1133 761 1166 ea,
791 1134 898 1172 quae
927 1124 1109 1160 maxima
1139 1128 1278 1161 essent
1305 1125 1349 1161 in
1378 1125 1465 1162 iure

255 1189 375 1235 civili,
392 1195 572 1229 tractare
601 1191 804 1230 auderent
829 1194 872 1230 in
897 1195 1043 1239 causis,
1061 1207 1155 1232 cum
1178 1207 1229 1232 ea
1245 1197 1465 1241 nescirent,

254 1273 549 1313 nunquamque
570 1261 808 1302 didicissent
825 1275 836 1309 ;
872 1266 1086 1316 utriusque
1106 1267 1166 1303 rei
1185 1263 1314 1304 facilis
1336 1271 1400 1304 est
1421 1271 1466 1305 et

254 1338 447 1384 prompta
466 1331 664 1372 defensio.
720 1334 827 1373 Nam
846 1348 982 1387 neque
1008 1335 1109 1374 illud
1131 1341 1197 1375 est
1218 1336 1464 1384 mirandum,

255 1406 340 1455 qui,
353 1404 500 1455 quibus
516 1405 649 1443 verbis
667 1408 872 1457 coemptio
889 1406 975 1452 fiat,
988 1409 1159 1453 nesciat,
1172 1407 1365 1447 eumdem
1378 1411 1464 1447 eius

254 1474 449 1522 mulieris,
464 1489 571 1528 quae
587 1479 890 1529 coemptionem
905 1476 1065 1524 fecerit,
1079 1491 1245 1517 causam
1259 1492 1378 1531 posse
1393 1479 1465 1519 de-

254 1545 426 1586 fendere
445 1559 455 1593 ;
490 1560 567 1586 nec
586 1550 620 1586 si
639 1550 754 1600 parvi
774 1551 925 1601 navigii
946 1554 991 1588 et
1009 1552 1150 1602 magni
1170 1549 1317 1588 eadem
1337 1555 1402 1589 est
1420 1553 1463 1589 in

253 1618 523 1671 gubernando
537 1621 722 1666 scientia,
735 1619 884 1658 idcirco
898 1622 983 1672 qui,
996 1621 1144 1672 quibus
1157 1621 1290 1660 verbis
1305 1626 1464 1660 erctum

253 1691 351 1728 cieri
381 1695 588 1741 oporteat,
618 1693 789 1737 nesciat,
819 1691 931 1730 idem
961 1690 1253 1731 herciscundae
1283 1691 1463 1732 familiae

168 1771 236 1807 238
253 1774 419 1799 causam
439 1774 563 1814 agere
583 1775 666 1800 non
683 1764 824 1814 possit.
881 1762 1002 1809 Nam,
1021 1762 1132 1815 quod
1150 1765 1350 1802 maximas
1369 1777 1464 1803 cen-

254 1832 491 1871 tumvirales
523 1845 665 1871 causas
696 1835 739 1871 in
770 1836 857 1872 iure
888 1836 1042 1885 positas
1074 1834 1280 1886 protulisti
1299 1847 1308 1873 :
1355 1847 1462 1886 quae

253 1902 425 1943 tandem
445 1916 586 1942 earum
604 1917 727 1942 causa
744 1903 838 1951 fuit,
857 1917 964 1956 quae
983 1905 1037 1943 ab
1054 1903 1219 1944 homine
1239 1904 1463 1957 eloquenti,

254 1976 351 2013 iuris
366 1977 572 2026 imperito,
588 1988 671 2014 non
686 1977 944 2014 ornatissime
959 1978 1144 2027 potuerit
1158 1975 1238 2015 dici
1256 1975 1272 2014 ?
1303 1974 1462 2024 Quibus

256 2070 330 2106 1¹70
