1560 2294
745 119 950 160 CICERO

158 235 224 271 232
241 229 457 266 sustinere.
503 225 695 264 Alterum
707 238 839 278 genus
854 230 918 264 est
930 227 973 263 in
985 226 1218 264 imitatione
1231 225 1454 267 admodum

240 298 470 344 ridiculum,
485 297 559 336 sed
571 297 687 335 nobis
699 295 843 335 furtim
854 301 1021 335 tantum
1032 298 1095 335 uti
1105 296 1217 343 licet,
1229 299 1263 336 si
1275 297 1455 350 quando,

244 375 288 408 et
304 372 474 415 cursim;
497 368 617 407 aliter
634 370 745 407 enim
760 369 929 406 minime
947 373 1012 406 est
1026 367 1208 407 liberale.
1254 368 1455 416 Tertium,

243 443 322 479 oris
349 441 603 492 depravatio,
626 453 710 477 non
737 439 863 491 digna
886 439 1015 477 nobis.
1074 438 1292 488 Quartum,
1315 440 1455 480 obsce-

244 514 366 558 nitas,
396 525 479 549 non
509 511 640 549 solum
670 523 753 549 non
782 509 871 549 foro
901 510 1040 562 digna,
1071 510 1145 549 sed
1174 513 1242 549 vix
1272 514 1454 551 convivio

243 583 476 622 liberorum.
533 582 742 620 Detractis
758 584 885 634 igitur
900 587 965 620 tot
979 582 1102 620 rebus
1119 595 1171 620 ex
1186 581 1264 620 hoc
1279 586 1456 623 oratorio

243 654 331 693 loco
358 653 535 692 facetiae
559 653 742 705 reliquae
766 658 877 699 sunt,
901 666 1008 705 quae
1032 658 1106 691 aut
1133 655 1176 691 in
1198 666 1258 700 re,
1281 660 1330 693 ut
1357 661 1455 694 ante

244 726 374 772 divisi,
389 727 549 777 positae
565 724 757 762 videntur
773 737 862 763 esse
878 729 952 762 aut
966 726 1009 762 in
1021 724 1159 764 verbo.
1210 725 1316 764 Nam
1331 726 1455 778 quod,

244 798 570 849 quibuscumque
594 796 728 834 verbis
751 795 917 841 dixeris,
939 793 1123 834 facetum
1145 801 1288 835 tamen
1312 803 1390 844 est,
1411 811 1456 837 re

244 871 507 913 continetur;
552 866 664 919 quod
692 869 864 905 mutatis
894 866 1028 905 verbis
1058 866 1186 906 salem
1216 870 1386 915 amittit,
1414 871 1459 908 in

245 940 379 978 verbis
397 939 527 977 habet
544 938 728 990 leporem
747 951 924 976 omnem.

162 1023 227 1055 253
297 1011 505 1062 Ambigua
519 1015 616 1048 sunt
628 1012 671 1047 in
684 1011 824 1061 primis
839 1014 961 1048 acuta
975 1015 1102 1061 atque
1115 1012 1158 1048 in
1171 1011 1296 1049 verbo
1308 1014 1456 1062 posita,

247 1097 328 1122 non
356 1085 399 1120 in
426 1094 501 1128 re;
540 1081 615 1120 sed
642 1094 725 1119 non
749 1094 874 1132 saepe
899 1094 1097 1133 magnum
1124 1083 1251 1120 risum
1274 1089 1458 1132 movent,

247 1156 460 1206 magisque
480 1158 528 1191 ut
547 1152 655 1191 belle
676 1157 720 1190 et
738 1152 924 1190 litterate
945 1152 1057 1190 dicta
1075 1152 1320 1193 laudantur:
1349 1160 1397 1193 ut
1415 1157 1458 1193 in

247 1225 362 1264 illum
380 1225 549 1269 Titium,
565 1226 648 1275 qui,
668 1236 762 1262 cum
783 1223 965 1262 studiose
985 1223 1068 1274 pila
1086 1223 1264 1271 luderet,
1285 1230 1328 1264 et
1347 1225 1458 1265 idem

246 1299 364 1349 signa
396 1308 510 1334 sacra
538 1300 663 1333 noctu
692 1293 883 1346 frangere
911 1300 1144 1346 putaretur,
1172 1296 1459 1349 gregalesque,

244 1382 338 1407 cum
365 1370 408 1405 in
437 1366 639 1417 Campum
668 1379 750 1404 non
779 1368 973 1412 venisset,
995 1368 1267 1418 requirerent,
1291 1380 1459 1407 excusa-

245 1442 305 1478 vit
324 1438 461 1490 Vespa
479 1437 712 1483 Terentius,
733 1437 844 1489 quod
865 1450 960 1475 eum
981 1436 989 1450 ‘
1005 1436 1239 1477 bracchium
1258 1437 1458 1491 fregisse,'

246 1510 403 1549 diceret
421 1522 431 1556 ;
459 1514 507 1547 ut
526 1508 626 1547 illud
646 1507 843 1555 Africani,
864 1508 975 1560 quod
995 1514 1060 1547 est
1079 1509 1191 1560 apud
1211 1508 1412 1549 Lucilium
1430 1523 1441 1551 ι

295 1604 393 1647 Quid
410 1605 571 1638 Decius?
596 1603 778 1637 Nuculam
795 1614 842 1637 an
859 1603 1040 1637 confixum
1056 1605 1109 1637 vis
1126 1605 1267 1638 facere?
1288 1606 1414 1648 inquit.

247 1691 309 1731 Ut
345 1696 441 1730 tuus
480 1693 648 1735 amicus,
681 1689 840 1735 Crasse,
875 1689 1064 1736 Granius,
1098 1688 1107 1703 ‘
1126 1703 1208 1728 non
1246 1703 1335 1730 esse
1368 1704 1459 1730 sex-

165 1769 229 1802 254
247 1761 402 1801 tantis.’
457 1762 514 1800 Et
536 1764 569 1799 si
591 1763 802 1814 quaeritis,
820 1763 868 1806 is,
887 1763 958 1812 qui
981 1759 1213 1812 appellatur
1230 1761 1364 1808 dicax,
1382 1761 1459 1802 hoc

297 1915 313 1931 ⁰
336 1909 422 1943 Was
438 1910 466 1943 it
482 1909 536 1943 his
553 1920 634 1943 own
650 1919 691 1942 or
706 1919 729 1942 a
745 1907 831 1951 holy
847 1907 993 1942 statue's
1007 1910 1023 1941 ?

298 1954 312 1975 δ
335 1954 412 1987 The
437 1955 714 1987 commentators
740 1963 801 1985 are
826 1955 864 1985 at
889 1951 981 1985 fault
1007 1951 1102 1991 here,
1129 1952 1186 1986 for
1211 1955 1307 1986 want
1333 1953 1375 1986 of
1396 1953 1457 1987 the

251 1997 413 2031 Lucilian
431 2000 583 2030 context.

300 2046 312 2062 ⁰
336 2042 380 2075 W
383 2052 421 2074 as
439 2041 483 2075 he
500 2041 612 2075 worth
630 2040 697 2074 less
714 2051 754 2073 or
770 2040 826 2073 far
842 2050 940 2073 more
952 2041 968 2073 i>

249 2106 327 2140 386
