1560 2294
775 126 979 167 CICERO

273 227 495 268 excitasset
533 234 577 269 et
615 230 734 269 alteri
771 231 823 270 de
861 232 1020 271 colonia
1057 232 1314 271 Narbonensi
1350 232 1482 272 Crassi

272 302 500 340 orationem
519 302 740 355 legendam
760 304 957 352 dedisset,
977 305 1097 345 alteri
1116 305 1168 345 de
1187 305 1281 359 lege
1301 304 1483 352 Servilia,

274 376 318 410 et
336 386 430 412 cum
450 379 654 415 contraria
672 379 782 416 inter
801 391 890 417 sese
911 378 964 418 de
983 392 1028 418 re
1047 378 1212 431 publica
1234 381 1372 431 capita
1390 392 1484 418 con-

273 445 449 494 tulisset,
475 455 616 488 noster
644 449 709 488 hie
737 449 986 491 facetissime
1013 458 1096 492 tres
1127 454 1256 504 patris
1281 452 1398 491 Bruti
1430 451 1484 491 de

190 520 255 554 224
270 520 358 557 iure
389 521 494 559 civili
525 522 683 562 libellos
714 524 845 563 tribus
875 524 1072 578 legendos
1103 525 1232 564 dedit.
1286 525 1351 564 Ex
1381 525 1484 564 libro

272 595 428 643 primo:
462 593 471 608 ‘
487 595 626 634 Fon'rn
655 609 817 644 nvnNrr,
840 611 895 637 υτ
923 611 968 637 m
996 598 1253 637 vammmn
1282 600 1483 638 essenus!

273 665 282 680 ‘
301 666 444 715 Brute,
458 669 705 709 testificatur
717 676 839 722 pater
851 685 896 711 se
915 673 992 711 tibi
1012 672 1296 712 Privernatem
1309 671 1484 712 fundum

271 740 511 793 reliquisse.’
566 743 730 783 Deinde
761 758 813 783 ex
842 744 945 784 libro
974 746 1180 786 secundo:
1213 745 1223 760 ⁸
1239 745 1288 784 IN
1317 746 1484 784 Ammo

271 826 432 854 ERAMus
459 828 535 854 mo
561 829 612 861 m·
639 816 813 857 MAncus
840 819 1000 857 mnus)
1069 818 1078 833 ‘
1097 819 1268 871 Sapiens
1293 819 1485 858 videlicet

271 886 394 927 homo
419 902 513 928 cum
538 892 678 941 primis
711 897 876 931 nostrae
910 895 1087 931 civitatis
1112 899 1233 932 norat
1257 892 1366 932 hunc
1389 906 1484 945 gur-

271 964 402 1014 gitem
418 975 427 1008 3
455 964 688 1011 metuebat,
703 978 771 1011 ne,
785 979 879 1005 cum
898 968 932 1005 is
951 965 1052 1004 nihil
1070 965 1259 1014 haberet,
1273 965 1374 1005 nihil
1393 979 1482 1005 esse

271 1037 310 1073 ei
337 1035 526 1074 relictum
554 1037 801 1088 putaretur.'
854 1038 959 1078 Tum
981 1053 1034 1078 ex
1054 1039 1157 1079 libro
1178 1042 1318 1086 tertio,
1337 1042 1381 1078 in
1401 1053 1483 1092 quo

271 1108 396 1147 finem
415 1110 618 1149 scribendi
637 1109 856 1151 fecit—tot
879 1115 1003 1159 enim,
1022 1119 1071 1152 ut
1090 1113 1225 1152 audivi
1245 1113 1481 1152 Scaevolam

270 1181 422 1228 dicere,
445 1188 543 1221 sunt
565 1186 650 1222 veri
673 1183 790 1223 Bruti
816 1185 970 1224 libri—‘
987 1186 1036 1224 IN
1054 1187 1232 1226 T113un¹r1
1261 1199 1392 1226 roan:
1419 1199 1482 1226 As-

270 1267 444 1295 sEnmus
465 1269 541 1295 mo
561 1269 612 1295 m·
632 1257 806 1297 MAncus
827 1259 986 1298 muns)
1041 1259 1050 1274 ‘
1071 1260 1154 1299 Ubi
1173 1266 1271 1300 sunt
1289 1260 1332 1299 hi
1350 1260 1481 1308 fundi,

269 1327 412 1376 Brute,
446 1343 549 1382 quos
582 1331 659 1370 tibi
693 1337 814 1383 pater
846 1332 1018 1383 publicis
1052 1337 1355 1373 commentariis
1388 1347 1483 1373 con-

270 1405 453 1455 signatos
472 1404 640 1457 reliquit
657 1405 673 1443 ?
721 1405 843 1454 Quod
858 1408 934 1444 nisi
948 1407 1149 1458 puberem
1163 1413 1222 1454 te,
1236 1410 1385 1460 inquit,
1399 1411 1481 1447 iam

270 1475 459 1523 haberet,
476 1483 670 1529 quartum
689 1478 838 1518 librum
858 1483 1154 1532 composuisset
1173 1486 1218 1520 et
1235 1494 1280 1520 se
1297 1484 1424 1521 etiam
1438 1484 1482 1520 in

270 1550 427 1589 balneis
445 1550 577 1590 lotum
596 1565 690 1591 cum
709 1552 791 1591 filio
809 1555 1006 1605 scriptum
1024 1554 1286 1606 reliquisset.'

187 1631 252 1664 225
323 1623 423 1672 Quis
471 1631 536 1664 est
582 1628 721 1678 igitur,
759 1629 829 1678 qui
870 1640 953 1665 non
993 1625 1190 1675 fateatur,
1224 1627 1302 1668 hoc
1341 1628 1481 1681 lepore

272 1703 399 1750 atque
419 1698 480 1737 his
500 1698 660 1738 facetiis
680 1713 763 1738 non
785 1702 919 1739 minus
942 1699 1171 1740 refutatum
1195 1715 1284 1741 esse
1306 1702 1481 1742 Brutum

271 1785 396 1824 quam
424 1771 500 1811 illis
528 1773 766 1825 tragoediis,
795 1787 896 1825 quas
926 1777 1013 1827 egit
1040 1775 1165 1821 idem,
1194 1789 1288 1814 cum
1315 1789 1411 1815 casu
1438 1779 1480 1815 in

270 1844 418 1883 eadem
446 1858 569 1883 causa
596 1845 740 1884 funere
767 1845 980 1885 efferretur
1009 1860 1110 1886 anus
1140 1847 1288 1887 Iunia?
1335 1847 1414 1888 Pro
1438 1848 1481 1888 di

316 1979 332 1996 ⁶
358 1975 427 2010 For
446 1987 469 2010 a
489 1976 563 2019 boy
583 1977 625 2010 of
642 1977 804 2010 fourteen
825 1988 866 2011 or
886 1989 984 2011 more
1005 1981 1042 2012 to
1063 1978 1172 2012 bathe
1195 1980 1232 2013 in
1256 1979 1310 2014 his
1332 1978 1482 2014 father’s

268 2029 450 2062 company
467 2031 539 2054 was
556 2020 765 2054 considered
783 2020 1005 2056 indecorous.

269 2082 347 2118 862
