1560 2294
751 107 956 148 CICERO

248 212 375 249 etiam
422 224 575 258 amore,
621 225 715 250 cum
753 212 806 251 ab
853 225 903 252 eo
949 227 1152 266 nusquam
1187 214 1456 262 discederem,

247 282 417 320 verbum
436 295 488 320 ex
507 296 556 321 eo
575 296 785 335 nunquam
805 283 951 323 elicere
968 287 1086 336 potui
1103 285 1156 324 de
1174 287 1214 324 vi
1231 299 1279 324 ac
1295 288 1454 325 ratione

246 352 423 400 dicendi,
451 367 545 392 cum
574 359 619 393 et
645 367 721 406 per
747 360 906 394 memet
932 358 1067 407 ipsum
1096 359 1286 409 egissem,
1309 362 1354 396 et
1379 370 1455 409 per

247 423 428 463 Drusum
446 438 570 476 saepe
588 430 816 465 tentassem
835 439 845 465 ι
877 440 958 478 quo
975 429 1018 465 in
1034 441 1188 479 genere
1205 433 1267 475 tu,
1284 428 1455 475 Antoni,

246 494 360 547 (vere
381 495 540 549 loquar)
562 510 773 549 nunquam
793 496 893 536 mihi
914 501 1214 549 percunctanti,
1236 504 1310 538 aut
1329 513 1455 552 quae-

246 569 355 605 renti
379 567 546 619 aliquid,
570 567 753 615 defuisti,
777 574 822 607 et
844 582 1044 621 persaepe
1067 583 1150 616 me,
1173 583 1280 622 quae
1304 571 1454 611 soleres

184 642 228 676 98
245 639 288 676 in
335 638 508 677 dicendo
559 640 790 686 observare,
837 640 1023 679 docuisti.
1097 641 1216 681 Nunc
1262 645 1454 694 quoniam

246 714 422 762 uterque
461 715 643 749 vestrum
680 710 882 762 patefecit
920 725 1061 751 earum
1098 726 1236 751 rerum
1273 716 1453 765 ipsarum

246 781 419 827 aditum,
434 795 536 834 quas
552 785 800 834 quaerimus,
816 788 861 822 et
875 786 1068 835 quoniam
1083 787 1272 836 princeps
1287 784 1454 824 Crassus

245 854 332 891 eius
354 855 550 891 sermonis
571 853 758 892 ordiendi
776 852 871 900 fuit,
892 854 991 893 date
1012 855 1128 894 nobis
1149 855 1255 894 hanc
1275 859 1453 904 veniam,

244 929 292 962 ut
309 937 372 970 ea,
388 937 495 976 quae
512 927 674 963 sentitis
690 925 743 964 de
760 928 870 964 omni
886 939 1040 978 genere
1056 926 1233 973 dicendi,
1248 927 1455 967 subtiliter

243 998 559 1047 persequamini.
615 995 737 1044 Quod
754 996 922 1048 quidem
939 999 973 1035 si
991 999 1070 1036 erit
1087 1011 1113 1036 a
1129 998 1242 1037 vobis
1259 1000 1454 1050 impetra-

242 1071 347 1111 tum,
380 1079 575 1119 magnam
608 1066 785 1114 habebo,
819 1067 978 1114 Crasse,
1012 1067 1106 1107 huic
1139 1068 1372 1120 palaestrae
1406 1075 1451 1109 et

242 1136 470 1176 Tusculano
500 1143 572 1176 tuo
599 1141 791 1189 gratiam,
821 1144 865 1177 et
892 1138 1014 1191 longe
1043 1139 1294 1179 Academiae
1321 1141 1378 1179 illi
1405 1154 1453 1180 ac

242 1207 369 1260 Lycio
416 1214 536 1247 tuum
582 1207 659 1248 hoc
704 1210 983 1248 suburbanum
1032 1213 1292 1263 gymnasium
1337 1217 1454 1251 ante-

242 1292 406 1330 ponam.

179 1356 224 1390 99
294 1350 430 1388 XXII.
460 1350 566 1389 Tum
585 1350 653 1390 ille
669 1365 679 1391 :
708 1351 841 1390 Immo
860 1365 971 1399 vero,
985 1355 1134 1404 inquit,
1153 1352 1318 1405 Sulpici,
1336 1367 1454 1406 roge-

241 1434 332 1459 mus
349 1422 592 1468 Antonium,
609 1424 679 1474 qui
697 1428 742 1461 et
757 1428 898 1474 potest
914 1422 1050 1462 facere
1067 1423 1124 1470 id,
1141 1424 1252 1476 quod
1267 1427 1453 1477 requiris,

242 1498 287 1530 et
312 1495 537 1539 consuevit,
563 1498 611 1532 ut
639 1498 683 1531 te
709 1493 831 1532 audio
857 1494 1006 1533 dicere.
1062 1494 1169 1533 Nam
1193 1508 1261 1534 me
1286 1495 1453 1547 quidem

241 1562 376 1602 fateor
394 1577 558 1615 semper
577 1577 601 1602 a
620 1577 774 1616 genere
793 1563 870 1604 hoc
897 1571 988 1604 toto
1014 1568 1212 1605 sermonis
1237 1565 1452 1618 refugisse,

242 1640 286 1673 et
305 1635 381 1673 tibi
401 1637 583 1686 cupienti
604 1641 730 1687 atque
749 1637 921 1675 instanti
941 1639 1178 1688 saepissime
1197 1650 1385 1690 negasse,
1404 1643 1452 1677 ut

240 1711 333 1744 tute
366 1706 489 1757 paulo
523 1712 621 1745 ante
655 1706 807 1746 dixisti.
863 1706 985 1755 Quod
1018 1721 1096 1760 ego
1128 1722 1211 1747 non
1243 1709 1451 1760 superbia,

239 1789 375 1828 neque
397 1776 700 1816 inhumanitate
722 1776 940 1824 faciebam,
961 1791 1097 1831 neque
1118 1792 1200 1831 quo
1221 1784 1294 1818 tuo
1315 1779 1452 1819 studio

239 1850 465 1886 rectissimo
495 1854 622 1900 atque
651 1851 807 1900 optimo
836 1862 918 1887 non
946 1850 1116 1901 obsequi
1145 1849 1307 1897 vellem,
1334 1863 1452 1902 prae-

239 1920 381 1956 sertim
420 1931 514 1956 cum
550 1924 594 1957 te
637 1932 765 1958 unum
808 1933 860 1958 ex
902 1921 1090 1959 omnibus
1133 1920 1186 1959 ad
1232 1920 1452 1961 dicendum

238 1991 418 2028 maxime
435 1995 594 2037 natum,
611 1995 839 2043 aptumque
856 2003 1110 2044 cognossem,
1126 1991 1201 2031 sed
1216 1991 1450 2031 mehercule

237 2064 289 2099 70
