1560 2294
746 99 950 140 CICERO

180 213 223 246 68
242 204 488 254 cumscripta
533 203 701 242 modicis
747 205 994 256 regionibus.
1050 205 1256 257 Equidem
1301 209 1452 254 omnia,

243 282 349 320 quae
378 271 590 319 pertinent
620 269 673 307 ad
702 282 821 308 usum
850 272 1012 316 civium,
1041 285 1198 310 morem
1227 271 1452 319 hominum,

241 347 348 386 quae
391 340 605 373 versantur
641 337 684 372 in
720 335 1017 374 consuetudine
1054 339 1179 383 vitae,
1215 340 1258 375 in
1294 341 1453 377 ratione

241 399 503 451 reipublicae,
522 402 565 438 in
584 399 661 438 hac
684 403 883 439 societate
903 401 1022 448 civili,
1041 404 1084 440 in
1102 415 1224 441 sensu
1243 402 1454 442 hominum

241 468 460 511 communi,
493 468 536 503 in
573 471 735 512 natura,
767 469 810 504 in
842 467 1036 513 moribus,
1069 467 1455 520 comprehendenda

243 545 331 570 esse
348 533 498 570 oratori
513 536 615 582 puto
631 544 640 577 ;
669 534 702 570 si
717 535 865 578 minus,
880 538 928 571 ut
948 536 1169 584 separatim
1185 534 1237 573 de
1255 534 1318 573 his
1333 536 1454 574 rebus

242 596 574 649 philosophorum
590 611 704 635 more
721 598 984 649 respondeat,
1002 604 1046 637 at
1065 605 1192 646 certe,
1210 605 1257 638 ut
1275 603 1318 638 in
1334 614 1456 640 causa

242 663 469 715 prudenter
486 665 616 714 possit
634 665 822 702 intexere
839 677 848 702 :
871 663 980 702 hisce
997 670 1138 703 autem
1152 668 1248 717 ipsis
1267 666 1320 705 de
1334 667 1456 706 rebus

243 734 291 767 ut
307 731 368 767 ita
383 728 590 780 loquatur,
608 733 656 766 ut
675 731 726 775 ei,
745 731 815 780 qui
832 731 934 775 iura,
950 733 1020 781 qui
1037 730 1165 782 leges,
1181 733 1251 783 qui
1268 734 1456 771 civitates

243 797 560 840 constituerunt,
593 793 719 832 locuti
747 800 857 840 sunt,
883 795 1120 847 simpliciter
1153 802 1198 835 et
1229 796 1457 848 splendide,

244 864 331 900 sine
364 859 446 898 ulla
478 862 582 898 serie
621 860 962 912 disputationum,
995 866 1039 900 et
1076 864 1163 901 sine
1195 864 1333 901 ieiuna
1364 877 1458 903 con-

244 929 472 965 certatione
492 926 722 964 verborum.

182 1003 226 1037 69
296 993 386 1031 Hoc
404 992 507 1038 loco,
526 1005 579 1030 ne
599 1005 682 1044 qua
701 994 754 1030 sit
774 991 1006 1038 admiratio,
1026 995 1059 1031 si
1078 998 1143 1032 tot
1162 998 1457 1047 tantarumque

244 1073 381 1098 rerum
397 1058 508 1096 nulla
525 1071 549 1095 a
563 1068 631 1095 me
648 1063 872 1109 praecepta
887 1064 1107 1109 ponentur,
1124 1061 1181 1098 sic
1196 1065 1336 1099 statuo
1355 1074 1365 1099 ε
1397 1061 1458 1100 Ut

244 1129 287 1164 in
313 1126 461 1163 ceteris
495 1124 665 1169 artibus,
692 1137 785 1161 cum
819 1124 974 1162 tradita
1011 1127 1093 1163 sint
1126 1127 1322 1177 cuiusque
1360 1129 1458 1166 artis

245 1189 491 1235 difficillima,
507 1189 678 1240 reliqua,
696 1191 793 1240 quia
809 1194 882 1227 aut
898 1188 1092 1235 faciliora,
1110 1195 1183 1228 aut
1200 1191 1345 1229 similia
1361 1194 1457 1239 sint,

245 1256 353 1296 tradi
379 1268 462 1294 non
488 1267 656 1292 neeesse
684 1267 802 1300 esse;
844 1260 892 1293 ut
917 1257 960 1292 in
986 1257 1159 1306 pictura,
1187 1259 1257 1308 qui
1283 1255 1457 1296 hominis

246 1324 425 1374 speciem
445 1323 616 1372 pingere
642 1319 920 1371 perdidicerit,
941 1333 1060 1371 posse
1083 1334 1178 1359 eum
1199 1324 1372 1360 cuiusvis
1393 1323 1458 1362 vel

246 1387 416 1432 formae,
449 1385 514 1424 vel
547 1387 711 1431 aetatis,
745 1388 906 1423 etiamsi
938 1399 1021 1424 non
1052 1386 1255 1433 didicerit,
1286 1390 1457 1440 pingere

246 1466 382 1506 neque
403 1465 491 1491 esse
511 1450 751 1502 periculum,
769 1453 838 1502 qui
858 1450 1020 1489 leonem
1038 1457 1111 1490 aut
1129 1457 1294 1491 taurum
1313 1455 1459 1506 pingat

247 1521 429 1572 egregie,
446 1530 499 1555 ne
517 1516 628 1555 idem
646 1518 688 1554 in
706 1515 845 1554 multis
865 1516 951 1554 aliis
971 1517 1304 1569 quadrupedibus
1321 1517 1458 1558 facere

246 1599 328 1625 non
348 1585 477 1636 possit
498 1582 650 1634 (neque
672 1587 736 1620 est
756 1584 921 1620 omnino
942 1595 1006 1620 ars
1027 1582 1122 1628 ulla,
1142 1585 1185 1620 in
1205 1596 1288 1634 qua
1307 1586 1457 1630 omnia,

247 1663 354 1703 quae
374 1649 443 1687 illa
463 1653 552 1686 arte
573 1648 676 1685 effici
695 1653 881 1698 possunt,
902 1660 926 1684 a
946 1647 1113 1686 doctore
1134 1648 1365 1695 tradantur,
1385 1649 1457 1688 sed

247 1719 317 1768 qui
350 1717 574 1766 primarum
608 1718 652 1751 et
684 1718 890 1751 certarum
922 1725 1059 1751 rerum
1092 1726 1247 1765 genera
1278 1716 1367 1765 ipsa
1398 1714 1458 1753 di-

248 1782 449 1826 dicerunt,
496 1778 654 1829 reliqua
700 1791 782 1816 non
832 1778 1089 1816 incommode
1135 1791 1211 1829 per
1258 1791 1302 1817 se
1349 1792 1456 1818 asse-

187 1861 231 1894 70
249 1844 472 1899 quuntur):
506 1843 691 1883 similiter
715 1844 888 1881 arbitror
910 1846 952 1881 in
975 1843 1052 1882 hac
1074 1845 1158 1882 sive
1178 1846 1352 1890 ratione,
1371 1847 1455 1883 sive

249 1912 543 1951 exercitatione
573 1908 750 1954 dicendi,
774 1911 843 1960 qui
867 1908 977 1946 illam
1006 1911 1087 1947 vim
1117 1908 1292 1960 adeptus
1321 1911 1388 1956 sit,
1407 1915 1455 1949 ut

248 1991 390 2017 eorum
416 1980 592 2021 mentes,
620 1976 690 2026 qui
719 1979 792 2013 aut
825 1973 878 2013 de
906 1973 1129 2026 republica,
1162 1979 1236 2013 aut
1268 1974 1321 2014 de
1358 1977 1453 2027 ipsis

246 2075 321 2111 248
