1560 2294
749 108 953 148 CICERO

245 212 288 251 id
330 227 355 252 a
396 219 440 252 te
488 215 666 266 exigam,
713 213 823 266 quod
865 218 1022 264 petam,
1066 211 1166 250 nihil
1197 211 1274 250 tibi
1316 223 1342 250 a
1385 223 1454 250 me

164 265 227 315 128
245 273 470 325 postulanti
522 275 730 313 recusabo.
816 274 940 312 Meae
992 276 1119 312 totius
1170 274 1364 312 orationis
1411 277 1456 311 et

245 337 360 373 istius
407 337 532 386 ipsius
580 337 623 373 in
671 335 844 374 dicendo
885 333 1108 380 facultatis,
1157 347 1282 386 quam
1331 333 1454 372 modo

245 395 412 434 Crassus
431 399 474 434 in
493 396 653 435 caelum
687 397 820 435 verbis
848 395 1011 441 extulit,
1034 401 1119 434 tres
1145 401 1242 434 sunt
1260 397 1454 441 rationes,

245 463 293 496 ut
313 463 410 496 ante
440 457 550 496 dixi:
588 471 671 496 una
699 457 1042 497 conciliandorum
1070 456 1296 502 hominum,
1325 456 1455 495 altera

165 527 228 560 129
247 518 537 565 docendorum,
572 522 698 558 tertia
732 519 1079 557 concitandorum.
1134 518 1293 557 Harum
1329 520 1454 556 trium

247 582 427 632 partium
463 583 596 631 prima
636 581 853 619 lenitatem
900 583 1107 626 orationis,
1144 579 1325 619 secunda
1362 593 1456 618 acu-

247 655 358 687 men,
385 645 510 680 tertia
526 645 607 680 vim
631 642 852 681 desiderat.
901 641 1007 680 Nam
1026 641 1103 680 hoc
1122 655 1290 680 necesse
1310 647 1388 687 est,
1407 646 1455 680 ut

248 706 296 750 is,
324 706 394 755 qui
422 705 538 743 nobis
566 717 731 742 causam
760 704 1065 742 adiudicaturus
1093 706 1160 750 sit,
1189 709 1262 742 aut
1289 703 1456 741 inclina-

247 767 360 803 tione
390 765 612 804 voluntatis
639 765 897 817 propendeat
919 768 962 803 in
990 778 1078 812 nos,
1107 770 1180 803 aut
1208 763 1455 804 defensionis

248 829 501 878 argumentis
515 826 758 873 adducatur,
772 832 845 865 aut
861 829 984 864 animi
998 829 1255 878 permotione
1270 831 1453 878 cogatur.

248 886 330 927 Sed
354 890 547 939 quoniam
570 887 639 926 illa
662 901 770 939 pars,
794 890 836 926 in
860 901 942 940 qua
964 901 1102 926 rerum
1124 890 1304 940 ipsarum
1329 887 1456 939 expli-

247 952 355 988 catio
385 963 433 988 ac
462 948 647 988 defensio
676 952 811 1001 posita
841 955 918 995 est,
949 949 1111 988 videtur
1143 963 1308 988 omnem
1336 948 1456 988 huius

247 1013 411 1063 generis
444 1013 559 1062 quasi
593 1011 821 1050 doctrinam
853 1014 1079 1057 continere,
1111 1010 1165 1050 de
1198 1024 1249 1050 ea
1279 1013 1456 1062 primum

247 1071 462 1123 loquemur
481 1078 525 1110 et
539 1085 671 1124 pauca
690 1072 885 1111 dicemus.
939 1071 1075 1111 Pauca
1095 1075 1204 1111 enim
1224 1077 1334 1118 sunt,
1349 1085 1456 1124 quae

248 1147 324 1172 usu
361 1136 443 1172 iam
480 1139 660 1172 tractata
698 1139 742 1172 et
779 1136 915 1172 animo
959 1137 1074 1186 quasi
1117 1139 1263 1173 notata
1301 1133 1456 1173 habere

247 1195 470 1234 videamur.

165 1263 229 1297 130
298 1256 430 1294 ΧΧΧ.
460 1257 522 1295 Ac
540 1257 616 1295 tibi
643 1259 852 1308 sapienter
875 1259 1076 1304 monenti,
1102 1257 1260 1304 Crasse,
1278 1257 1457 1296 libenter

247 1320 532 1364 assentiemur,
565 1323 614 1357 ut
650 1318 900 1371 singularum
942 1332 1155 1358 causarum
1197 1317 1456 1358 defensiones

246 1393 349 1432 quas
383 1379 516 1418 solent
549 1382 735 1432 magistri
772 1383 909 1432 pueris
947 1380 1126 1427 tradere,
1164 1380 1456 1432 relinquamus,

247 1443 478 1492 aperiamus
499 1446 640 1479 autem
660 1444 797 1493 capita
811 1455 875 1488 ea,
890 1442 1000 1481 unde
1016 1445 1147 1481 omnis
1164 1442 1217 1481 ad
1231 1455 1396 1481 omnem
1412 1446 1456 1480 et

247 1515 412 1540 causam
455 1507 500 1541 et
541 1505 769 1541 orationem
812 1503 1037 1555 disputatio
1079 1504 1253 1542 ducitur.
1309 1502 1455 1555 Neque

247 1567 371 1610 enim,
387 1566 577 1615 quotiens
600 1565 770 1603 verbum
793 1565 958 1617 aliquod
973 1571 1037 1605 est
1051 1565 1311 1604 scribendum
1325 1565 1456 1610 nobis,

247 1628 400 1664 totiens
430 1628 517 1664 eius
546 1626 659 1664 verbi
686 1626 852 1665 litterae
882 1632 979 1665 sunt
1012 1629 1263 1679 cogitatione
1291 1628 1456 1678 conqui-

248 1687 401 1725 rendae
421 1699 430 1732 ;
461 1701 537 1726 nec
561 1690 752 1739 quotiens
776 1701 900 1726 causa
922 1688 1097 1727 dicenda
1120 1694 1198 1734 est,
1225 1690 1379 1727 totiens
1402 1687 1457 1726 ad

249 1750 335 1786 eius
362 1761 510 1787 causae
536 1751 715 1800 seposita
742 1755 987 1801 argumenta
1008 1749 1159 1788 revolvi
1181 1762 1254 1788 nos
1276 1754 1456 1801 oportet,

249 1808 322 1847 sed
345 1808 499 1847 habere
526 1815 658 1848 certos
685 1809 806 1856 locos,
833 1813 917 1862 qui,
944 1815 992 1848 ut
1017 1809 1182 1849 litterae
1209 1810 1263 1849 ad
1285 1811 1455 1848 verbum

248 1870 522 1917 scribendum,
551 1873 607 1908 sic
637 1870 694 1909 illi
720 1870 773 1909 ad
801 1885 966 1909 causam
1000 1871 1284 1923 explicandam
1314 1873 1456 1910 statim

167 1942 227 1976 131
249 1936 475 1970 occurrant.
531 1931 612 1969 Sed
641 1930 682 1969 hi
712 1931 788 1970 loci
819 1934 856 1970 ei
886 1932 1054 1970 demum
1083 1935 1233 1970 oratori
1262 1932 1455 1984 prodesse

248 1997 434 2042 possunt,
449 1995 518 2044 qui
535 1997 599 2031 est
613 1998 798 2031 versatus
812 1995 854 2031 in
867 2007 1004 2033 rerum
1018 1993 1084 2032 vel
1098 2007 1188 2040 usu,
1202 2007 1326 2047 quem
1341 1998 1456 2032 aetas

249 2057 325 2097 290
