1560 2294
742 99 948 139 CICERO

236 205 512 242 instrumento
561 209 649 242 tam
694 204 852 243 lautam
896 203 1194 255 supellectilem
1238 217 1450 257 nunquam

237 275 433 314 videram.

151 357 216 390 166
291 346 414 387 Potes
462 351 603 400 igitur,
646 351 781 400 inquit
822 348 1091 387 Crassus—ut
1138 348 1218 387 alia
1260 351 1453 388 omittam

237 421 553 460 innumerabilia
586 427 630 460 et
661 424 877 468 immensa,
910 427 955 460 et
987 421 1042 460 ad
1072 424 1206 473 ipsum
1238 427 1358 460 tuum
1388 423 1452 460 ius

238 494 355 533 civile
389 496 618 540 veniam—,
645 499 828 533 oratores
864 500 1012 546 putare
1047 507 1131 540 eos,
1165 508 1267 546 quos
1299 494 1451 533 multas

238 566 358 605 horas
393 569 664 618 exspectavit,
693 580 787 605 cum
820 569 862 604 in
896 580 1088 618 eampum
1120 573 1376 619 properaret,
1407 573 1452 606 et

238 640 375 679 ridens
407 645 451 678 et
477 639 738 678 stomachans
765 639 973 686 Scaevola,
997 653 1091 678 cum
1118 640 1338 692 Hypsaeus
1366 653 1452 679 ma-

241 716 350 751 xima
385 726 498 759 voce,
528 713 711 764 plurimis
745 713 893 759 verbis,
928 726 953 751 a
987 713 1048 751 M.
1080 712 1224 752 Crasso
1258 718 1451 765 praetore

240 786 527 832 contenderet,
554 792 602 824 ut
629 788 681 832 ei,
704 799 830 838 quem
858 784 1127 832 defendebat,
1152 799 1275 824 causa
1303 786 1451 825 eadere

239 859 396 905 liceret,
425 858 500 898 Cn.
531 864 673 897 autem
707 858 918 904 Octavius,
949 858 1071 897 homo
1106 859 1340 905 consularis,
1370 873 1451 898 non

239 935 374 970 minus
393 932 517 984 longa
537 934 722 970 oratione
742 937 967 977 recusaret,
981 945 1035 970 ne
1055 931 1310 970 adversarius
1329 945 1452 970 causa

239 1005 422 1051 caderet,
445 1018 492 1043 ac
515 1018 568 1043 ne
592 1007 639 1051 is,
658 1018 732 1056 pro
753 1018 835 1056 quo
858 1007 946 1056 ipse
966 1004 1138 1051 diceret,
1158 1007 1268 1056 turpi
1292 1004 1451 1043 tutelae

238 1078 401 1124 iudicio,
444 1083 571 1130 atque
614 1079 724 1116 omni
766 1077 970 1123 molestia,
1001 1077 1178 1116 stultitia
1218 1077 1452 1123 adversarii,

156 1156 219 1189 167
239 1151 518 1190 liberaretur?
574 1151 665 1203 Ego
694 1163 790 1189 vero
819 1152 933 1196 istos,
959 1152 1316 1202 inquit—memini
1342 1153 1451 1189 enim

239 1223 340 1262 mihi
363 1237 529 1262 narrare
555 1223 808 1270 Mucium-,
828 1237 911 1262 non
933 1223 1056 1261 modo
1076 1225 1247 1262 oratoris
1271 1226 1452 1270 nomine,

240 1297 315 1336 sed
334 1311 387 1336 ne
407 1296 495 1335 foro
516 1297 685 1349 quidem
709 1296 854 1349 dignos
877 1298 1070 1348 putarim.
1129 1296 1260 1348 Atqui
1280 1309 1362 1335 non
1382 1296 1454 1335 de-

239 1370 320 1409 fuit
349 1370 424 1408 illis
451 1372 649 1422 patronis,
672 1372 807 1421 inquit
831 1368 1013 1415 Crassus,
1040 1369 1291 1421 eloquentia,
1315 1382 1452 1421 neque

241 1443 404 1482 dicendi
432 1446 537 1482 ratio
565 1448 639 1482 aut
666 1445 796 1494 copia,
825 1442 899 1481 sed
924 1444 1021 1481 iuris
1049 1442 1174 1480 civilis
1202 1441 1451 1493 prudentia:

240 1517 351 1570 quod
377 1516 483 1555 alter
507 1516 612 1568 plus,
639 1516 731 1568 lege
759 1515 934 1568 agendo,
958 1515 1147 1567 petebat,
1172 1528 1297 1567 quam
1323 1528 1452 1567 quan-

240 1596 330 1629 tum
350 1590 418 1628 lex
438 1592 480 1627 in
497 1589 727 1628 Duodecim
746 1588 912 1627 Tabulis
932 1590 1202 1640 permiserat;
1232 1587 1344 1640 quod
1358 1601 1451 1626 cum

240 1666 517 1715 impetrasset,
544 1676 667 1701 causa
693 1662 890 1700 caderet:
932 1661 1038 1700 alter
1062 1663 1250 1713 iniquum
1274 1661 1453 1712 putabat

241 1737 331 1788 plus
355 1749 494 1774 secum
519 1738 599 1787 agi,
624 1748 749 1787 quam
773 1734 883 1786 quod
908 1740 998 1773 erat
1020 1737 1063 1772 in
1087 1736 1278 1780 actione3
1316 1747 1452 1786 neque

242 1808 527 1860 intellegebat,
552 1811 584 1846 si
616 1810 675 1847 ita
707 1814 817 1846 esset
849 1813 1001 1853 actum,
1027 1807 1145 1845 litem
1177 1806 1452 1845 adversarium

241 1882 510 1933 perditurum.

162 1964 226 1997 168
295 1954 509 1992 XXXVII.
540 1953 684 2002 Quid?
725 1954 786 1992 his
812 1956 951 2005 paucis
978 1953 1137 2000 diebus,
1163 1966 1313 1999 nonne,
1339 1952 1455 1992 nobis

248 2057 321 2091 114
