1560 2294
757 110 962 151 CICERO

254 213 308 253 ad
325 228 443 253 usum
458 227 612 261 meum,
624 219 790 252 tantum
805 215 1077 267 cognoscendi
1092 215 1228 255 studio
1247 216 1462 265 adductus,

192 285 235 318 75
252 279 427 329 requiro.
458 277 545 315 Nec
560 276 659 315 mihi
675 290 777 328 opus
795 283 858 316 est
872 278 1029 316 Graeco
1046 277 1182 330 aliquo
1198 278 1380 327 doctore,
1392 283 1462 333 qui

251 339 351 378 mihi
375 339 620 392 pervulgata
645 345 869 391 praecepta
898 340 1108 387 decantet,
1131 354 1224 379 cum
1249 344 1336 394 ipse
1362 356 1464 381 nun-

252 416 376 454 quam
413 401 561 448 forum,
594 415 806 454 nunquam
839 402 967 441 ullum
999 403 1193 442 iudicium
1227 408 1463 456 aspexerit:

252 471 299 503 ut
323 465 624 516 Peripateticus
648 465 716 503 ille
746 465 894 504 dicitur
918 465 1123 512 Phormio,
1143 480 1236 505 cum
1256 467 1462 507 Hannibal

252 527 502 580 Carthagine
518 528 711 580 expulsus
725 527 937 579 Ephesum
952 528 1005 567 ad
1019 528 1270 568 Antiochum
1283 532 1463 570 venisset

253 590 382 636 exsul,
401 604 558 642 proque
582 605 645 637 eo,
666 590 777 642 quod
797 593 882 628 eius
902 604 1054 630 nomen
1073 596 1164 630 erat
1182 605 1334 644 magna
1353 593 1463 645 apud

251 666 393 692 omnes
406 653 754 705 gloria,invitatus
765 658 874 691 esset
887 654 939 691 ab
951 653 1180 705 hospitibus
1189 657 1284 700 suis,
1293 660 1340 693 ut
1353 668 1462 702 eum,

252 729 377 767 quem
395 715 494 762 dixi,
512 718 546 754 si
572 716 711 762 vellet,
730 715 892 754 audiret
907 728 916 762 3
945 729 1122 768 cumque
1139 719 1172 755 is
1192 729 1236 755 se
1254 730 1337 755 non
1355 718 1463 757 nolle

253 779 438 824 dixisset,
465 778 625 817 locutus
656 791 745 817 esse
775 778 923 816 dicitur
947 777 1070 818 homo
1092 781 1277 831 copiosus
1307 779 1463 832 aliquot

250 840 370 879 horas
395 841 446 879 de
475 843 733 893 imperatoris
757 841 900 886 officio,
926 846 970 879 et
994 841 1046 880 de
1075 844 1186 880 omni
1209 855 1254 880 re
1282 842 1462 884 militari.

250 904 370 950 Tum,
399 917 492 942 cum
521 906 663 950 ceteri,
693 905 762 955 qui
790 903 905 941 illum
935 904 1165 950 audierant,
1194 903 1464 944 vehementer

251 972 390 1006 essent
413 967 623 1013 delectati,
643 966 901 1018 quaerebant
927 967 979 1004 ab
999 966 1246 1013 Hannibale,
1267 967 1463 1019 quidnam

250 1032 337 1082 ipse
368 1029 420 1068 de
450 1029 518 1068 illo
550 1028 791 1081 philosopho
821 1028 1050 1075 iudicaret;
1094 1029 1159 1067 hic
1190 1029 1350 1068 Poenus
1379 1044 1462 1070 non

250 1095 406 1144 optime
427 1092 599 1138 Graece,
619 1091 693 1130 sed
716 1097 859 1130 tamen
882 1091 1010 1130 libere
1035 1092 1292 1143 respondisse
1316 1091 1461 1140 fertur,

249 1155 400 1193 multos
423 1168 467 1193 se
492 1154 639 1193 deliros
663 1167 782 1192 senes
805 1167 930 1205 saepe
954 1154 1116 1200 vidisse,
1140 1154 1214 1193 sed
1237 1158 1307 1207 qui
1329 1159 1461 1208 magis

189 1223 231 1256 76
249 1232 374 1270 quam
404 1217 593 1256 Phormio
623 1216 831 1262 deliraret,
860 1216 1008 1255 vidisse
1037 1219 1258 1255 neminem.
1314 1218 1460 1270 Neque

249 1280 482 1319 mehercule
510 1282 684 1325 iniuria3
726 1278 826 1331 quid
853 1281 963 1317 enim
990 1285 1062 1318 aut
1089 1283 1360 1332 arrogantiuS,
1388 1286 1461 1320 aut

248 1343 457 1395 loquacius
484 1342 571 1380 fieri
590 1344 742 1394 potuit,
762 1355 887 1394 quam
908 1341 1144 1388 Hannibali,
1164 1345 1234 1394 qui
1254 1348 1319 1381 tot
1344 1346 1460 1382 annis

248 1406 301 1445 de
333 1408 504 1457 imperio
537 1419 630 1443 cum
661 1404 815 1456 populo
839 1404 1038 1451 Romano,
1058 1407 1241 1443 omnium
1271 1408 1460 1458 gentium

249 1471 416 1514 victore,
444 1473 658 1514 certasset,
679 1467 884 1506 Graecum
909 1466 1132 1514 hominem,
1153 1470 1223 1520 qui
1249 1481 1460 1520 nunquam

247 1531 424 1577 hostem,
447 1543 659 1582 nunquam
682 1535 816 1568 castra
839 1529 1022 1576 vidisset,
1045 1544 1257 1582 nunquam
1280 1530 1459 1583 denique

246 1597 458 1633 minimam
491 1599 654 1645 partem
688 1592 806 1631 ullius
839 1592 991 1644 publici
1023 1595 1204 1632 muneris
1238 1596 1459 1646 attigisset,

246 1661 470 1710 praecepta
506 1655 558 1694 de
593 1669 638 1694 re
674 1655 839 1693 militari
875 1655 1008 1694 dare?
1063 1655 1153 1694 Hoc
1187 1655 1287 1694 mihi
1321 1654 1458 1695 facere

246 1733 388 1759 omnes
416 1721 498 1764 isti,
526 1721 596 1770 qui
625 1718 676 1756 de
709 1723 797 1756 arte
829 1717 991 1756 dicendi
1021 1721 1292 1770 praecipiunt,
1321 1719 1460 1759 viden-

246 1789 339 1822 tur:
362 1781 474 1834 quod
498 1783 607 1819 enim
626 1783 702 1832 ipsi
729 1783 889 1832 experti
914 1794 995 1819 non
1020 1786 1130 1827 sunt,
1154 1781 1197 1820 id
1220 1781 1371 1821 docent
1395 1795 1461 1821 ce-

246 1851 370 1885 teros.
428 1843 510 1882 Sed
546 1843 623 1882 hoc
660 1846 793 1881 minus
831 1842 1004 1881 fortasse
1044 1849 1196 1888 errant,
1234 1844 1345 1895 quod
1378 1858 1459 1884 non

246 1914 305 1954 te,
334 1912 382 1946 ut
416 1905 706 1952 Hannibalem,
735 1906 808 1944 sed
836 1918 998 1958 pueros,
1028 1911 1101 1945 aut
1134 1905 1459 1946 adolescentulos

247 1971 394 2009 docere
415 1974 627 2008 conantur.

250 2074 328 2110 254
