1560 2294
749 115 954 155 CICERO

163 222 227 257 185
298 216 447 256 XLIV.
478 218 585 258 Huic
612 225 754 258 autem
782 225 846 258 est
872 220 941 258 illa
967 220 1104 271 dispar
1130 219 1325 259 adiuncta
1349 221 1454 258 ratio

244 284 452 329 orationis,
471 296 578 335 quae
603 283 681 322 alio
710 284 890 336 quodam
912 298 1066 337 genere
1089 290 1251 323 mentes
1273 283 1453 323 iudicum

241 353 470 398 permovet,
499 349 771 401 impellitque,
800 355 848 388 ut
877 355 950 389 aut
978 350 1141 389 oderint
1169 355 1243 388 aut
1279 349 1454 402 diligant

241 417 315 450 aut
347 413 560 452 invideant
592 420 666 452 aut
699 414 856 453 salvum
889 415 1017 454 velint
1050 420 1124 454 aut
1155 420 1347 454 metuant
1379 419 1453 453 aut

241 483 410 527 sperent
441 484 514 518 aut
547 482 717 531 cupiant
751 485 824 518 aut
858 479 1108 519 abhorreant
1137 485 1211 518 aut
1243 479 1453 518 laetentur

243 547 316 580 aut
335 550 550 583 maereant
570 550 644 584 aut
662 547 936 584 misereantur
959 551 1032 584 aut
1051 548 1196 597 punire
1218 544 1360 591 velint,
1379 550 1453 584 aut

241 606 295 645 ad
314 620 383 646 eos
402 614 539 648 motus
563 609 835 657 adducantur,
854 613 888 649 si
914 613 985 663 qui
1004 611 1166 649 finitimi
1183 615 1281 649 sunt
1298 615 1344 649 et
1361 623 1452 662 pro-

242 675 385 725 pinqui
404 673 482 712 his¹
502 687 550 713 ac
571 675 723 714 talibus
742 678 866 714 animi
888 675 1281 727 perturbationibus.

293 738 435 791 Atque
447 739 547 778 illud
559 740 787 792 optandum
796 747 860 780 est
872 743 1094 787 oratori,ut
1106 741 1284 793 aliquam
1291 753 1451 792 permo-

239 805 397 842 tionem
416 807 645 844 animorum
663 819 738 844 sua
756 812 905 858 sponte
923 809 1001 858 ipsi
1021 806 1195 845 afferant
1213 805 1268 845 ad
1285 818 1450 844 causam

239 869 409 916 iudices,
428 870 482 909 ad
503 870 560 916 id,
584 871 695 923 quod
714 871 870 910 utilitas
893 874 1064 911 oratoris
1083 870 1206 917 feret,
1225 884 1450 910 accommo-

157 944 221 978 186
240 933 394 973 datam.
430 935 602 974 Facilius
616 942 680 975 est
695 939 805 976 enim
817 942 1065 983 currentem,
1077 942 1126 975 ut
1138 939 1268 983 aiunt,
1279 938 1449 975 incitare

240 1012 366 1051 quam
388 1014 646 1040 commovere
668 1002 951 1055 languentem.
1008 1002 1079 1041 Sin
1103 1002 1146 1041 id
1171 1007 1245 1041 aut
1269 1015 1352 1041 non
1371 1004 1450 1040 erit

240 1070 314 1103 aut
334 1068 413 1105 erit
431 1066 654 1114 obscurius,
677 1070 783 1107 sicut
804 1068 964 1107 medico
987 1067 1190 1120 diligenti,
1211 1070 1448 1119 priusquam

239 1135 412 1169 conetur
423 1144 548 1184 aegro
564 1132 760 1172 adhibere
772 1133 1033 1179 medicinam,
1046 1146 1129 1171 non
1140 1132 1272 1172 solum
1283 1132 1448 1171 morbus

239 1197 341 1241 eius,
359 1199 424 1234 cui
443 1197 601 1236 mederi
621 1198 745 1244 volet,
760 1198 835 1237 sed
854 1201 982 1237 etiam
1001 1197 1256 1237 consuetudo
1275 1196 1448 1236 valentis

240 1268 285 1302 et
304 1269 452 1302 natura
471 1268 648 1317 corporis
668 1266 953 1318 cognoscenda
972 1272 1049 1306 est.

291 1330 356 1370 Sic
386 1333 579 1384 equidem
604 1348 698 1373 cum
723 1335 941 1387 aggredior
969 1337 1191 1386 ancipitem
1213 1347 1377 1373 causam
1403 1339 1448 1374 et

239 1410 422 1448 gravem,
430 1398 483 1437 ad
491 1401 647 1438 animos
659 1400 839 1438 iudicum
850 1400 1295 1452 pertractandos‚omni
1305 1405 1447 1439 mente

238 1464 282 1500 in
312 1476 362 1501 ea
381 1466 632 1516 cogitatione
662 1478 842 1517 curaque
873 1478 1024 1511 versor,
1055 1470 1103 1504 ut
1132 1464 1292 1510 odoret,
1323 1478 1447 1517 quam

238 1530 498 1580 sagacissime
527 1532 693 1581 possim,
716 1530 816 1582 quid
843 1533 1037 1576 sentiant,
1067 1530 1167 1582 quid
1195 1532 1446 1576 existiment,

239 1593 340 1644 quid
368 1600 627 1646 exspectent,
658 1595 758 1647 quid
790 1595 932 1641 velint,
964 1609 1046 1647 quo
1078 1595 1226 1634 deduci
1261 1598 1445 1634 oratione

155 1668 220 1701 187
239 1657 429 1698 facillime
444 1673 564 1711 posse
581 1659 808 1699 videantur.
866 1660 907 1700 Si
921 1674 965 1699 se
979 1661 1082 1699 dant
1101 1665 1159 1706 et,
1173 1665 1221 1699 ut
1234 1666 1332 1700 ante
1346 1660 1445 1707 dixi,

239 1737 313 1763 sua
336 1730 500 1776 sponte,
524 1739 605 1778 quo
627 1725 888 1777 impellimus,
901 1726 1099 1765 inclinant
1122 1731 1248 1778 atque
1271 1739 1444 1778 propen-

238 1789 355 1836 dent,
394 1793 547 1842 accipio
581 1791 691 1843 quod
731 1791 854 1830 datur
891 1797 935 1830 et
973 1791 1026 1830 ad
1060 1791 1117 1838 id,
1153 1791 1263 1830 unde
1299 1791 1442 1844 aliquis

238 1854 360 1894 flatus
375 1856 621 1902 ostenditur,
636 1856 726 1895 vela
740 1856 806 1895 do.
854 1855 925 1895 Sin
941 1863 1004 1895 est
1019 1859 1182 1909 integer
1195 1859 1442 1910 quietusque

236 1920 376 1967 iudex,
406 1920 498 1972 plus
529 1926 593 1959 est
623 1924 786 1973 operis3
829 1927 926 1960 sunt
962 1925 1071 1960 enim
1104 1925 1240 1961 omnia
1269 1922 1442 1962 dicendo

314 2007 327 2027 ¹
351 2011 435 2042 sunt
450 2010 486 2042 et
500 2010 692 2052 propinqui
709 2008 763 2042 his
779 2009 926 2043 Ellendt
938 2022 952 2044 .·
975 2012 1061 2043 sunt
1075 2009 1121 2043 de
1136 2011 1359 2054 propinquis.

235 2070 312 2106 830
