1560 2294
709 103 914 145 CICERO

208 205 307 245 mihi
332 207 521 246 videntur
549 210 588 246 ei
615 209 760 247 melius
790 222 922 255 nosse,
942 213 1012 262 qui
1041 210 1242 251 dialectici
1272 213 1413 265 appel-

209 263 358 310 lantur,
375 264 417 302 hi
435 270 575 304 autem
592 268 721 304 nostri
737 269 939 318 ignorare,
957 269 1027 319 qui
1044 281 1126 307 non
1142 272 1276 308 minus
1293 283 1413 310 nosse

209 320 404 367 debeant,
441 326 531 360 tum
570 322 670 361 illud
708 328 772 361 est
808 322 1185 375 frequentissimum
1221 329 1265 365 in
1301 331 1412 367 omni

208 378 503 417 consuetudine
531 379 598 418 vel
629 382 824 418 sermonis
858 381 924 419 vel
955 384 1108 433 scripti,
1137 396 1231 423 cum
1262 385 1411 425 idcirco

209 435 361 486 aliquid
386 436 620 488 ambigitur,
645 437 755 488 quod
784 442 857 476 aut
881 438 1051 478 verbum
1079 446 1153 479 aut
1176 442 1302 481 verba
1329 445 1411 482 sint

126 502 190 535 112
208 495 506 543 praetermissa.
563 493 720 532 Iterum
758 499 899 534 autem
935 502 1123 546 peccant,
1155 510 1250 538 cum
1281 513 1412 552 genus

208 548 284 588 hoc
312 563 539 596 causarum,
559 550 670 602 quod
691 554 734 589 in
756 554 895 603 scripti
918 554 1260 605 interpretatione
1279 570 1413 596 versa·

207 611 289 652 tur,
311 607 363 645 ab
383 606 461 644 illis
482 610 626 653 causis,
648 610 691 646 in
713 609 873 660 quibus,
896 610 1026 661 qualis
1048 625 1237 665 quaeque
1259 627 1324 653 res
1345 617 1413 662 sit,

208 663 474 715 disceptatur,
504 666 754 717 seiungunt3
798 679 1000 718 nusquam
1034 671 1143 708 enim
1172 675 1259 710 tam
1289 685 1414 724 quae-

207 723 322 766 ritur,
338 720 458 773 quale
474 723 527 759 sit
546 735 676 774 genus
695 725 829 774 ipsum
848 726 907 762 rei
927 738 1051 776 quam
1066 728 1108 764 in
1123 730 1287 779 scripto,
1303 730 1414 782 quod

207 783 343 816 totum
362 791 386 815 a
403 777 503 816 facti
521 782 795 818 controversia
812 787 1048 832 separatum
1068 789 1143 823 est.

125 844 188 877 113
259 835 326 873 Ita
362 837 442 873 tria
473 841 570 874 sunt
601 839 765 875 omnino
797 850 965 890 genera,
998 853 1104 891 quae
1136 843 1180 880 in
1211 842 1413 896 discepta-

207 895 363 930 tionem
393 897 437 930 et
464 896 780 933 controversiam
813 895 959 934 cadere
989 903 1184 948 possunt:
1213 900 1313 951 quid
1340 901 1413 941 fiat

206 947 363 988 factum
390 948 626 989 futurumve
655 953 723 997 sit,
743 957 816 990 aut
844 952 964 1004 quale
993 956 1060 1000 sit,
1081 961 1153 994 aut
1182 970 1263 1008 quo
1290 959 1412 998 modo

207 1008 452 1045 nominetur.
501 1006 608 1046 Nam
627 1007 727 1046 illud
747 1009 928 1060 quidem,
948 1011 1059 1062 quod
1078 1013 1245 1064 quidam
1266 1014 1412 1055 Graeci

208 1063 451 1115 adiungunt,
481 1063 670 1103 ‘rectene
698 1064 855 1105 factum
890 1066 972 1113 sit‚'
1000 1073 1136 1108 totum
1170 1073 1213 1108 in
1248 1084 1298 1110 eo
1333 1079 1411 1120 est,

209 1119 218 1134 ¹
233 1120 353 1172 quale
372 1119 454 1159 sit.'

124 1194 189 1227 114
259 1177 432 1215 XXVII.
462 1176 544 1216 Sed
574 1180 658 1217 iam
689 1179 743 1218 ad
773 1182 1010 1221 institutum
1041 1190 1225 1223 revertar
1255 1200 1407 1227 meum.

207 1233 311 1273 Cum
343 1237 470 1286 igitur
503 1242 673 1287 accepta
706 1250 828 1276 causa
862 1244 906 1277 et
938 1252 1091 1291 genere
1125 1245 1290 1294 cognito
1323 1258 1411 1284 rem

206 1297 384 1330 tractare
412 1295 542 1342 coepi,
570 1293 668 1331 nihil
695 1297 806 1344 prius
834 1299 1052 1343 constituo,
1080 1311 1204 1350 quam
1232 1301 1332 1352 quid
1357 1305 1411 1342 sit

206 1348 320 1394 illud,
336 1362 417 1400 quo
432 1349 532 1387 mihi
547 1352 601 1388 sit
615 1349 832 1390 referenda
847 1356 977 1392 omnis
992 1354 1061 1393 illa
1075 1359 1220 1403 oratio,
1236 1371 1342 1410 quae
1357 1362 1411 1399 sit

206 1409 368 1458 propria
391 1410 640 1458 quaestionis
665 1414 709 1447 et
727 1410 876 1448 iudicii.
933 1412 1095 1451 Deinde
1120 1413 1191 1452 illa
1215 1415 1297 1455 duo
1323 1417 1411 1456 dili-

207 1465 445 1515 gentissime
479 1464 703 1512 considero,
737 1480 909 1518 quorum
943 1468 1119 1509 alterum
1151 1474 1411 1513 commenda-

207 1523 363 1559 tionem
385 1519 514 1560 habet
536 1527 718 1561 nostram
741 1530 814 1563 aut
838 1538 993 1572 eorum,
1012 1540 1113 1578 quos
1137 1528 1410 1578 defendimus,

207 1577 382 1616 alterum
405 1583 469 1617 est
492 1580 844 1620 accommodatum
867 1582 920 1621 ad
943 1596 1084 1623 eorum
1109 1588 1279 1634 animos,
1299 1589 1409 1640 apud

205 1648 306 1687 quos
319 1635 503 1681 dicimus,
512 1636 565 1674 ad
576 1636 633 1683 id,
645 1638 756 1689 quod
767 1638 965 1686 volumus,
974 1643 1299 1683 commovendos.
1342 1646 1410 1686 Ita

204 1695 334 1731 omnis
349 1695 454 1732 ratio
470 1693 632 1732 dicendi
647 1695 777 1734 tribus
794 1696 846 1734 ad
861 1698 1191 1748 persuadendum
1206 1701 1328 1741 rebus
1345 1710 1409 1743 est

204 1751 325 1788 nixa:
354 1755 401 1788 ut
426 1751 645 1801 probemus
668 1765 764 1791 vera
787 1766 890 1800 esse,
913 1768 1019 1806 quae
1048 1755 1332 1806 defendimus;
1361 1767 1409 1800 ut

204 1806 462 1845 conciliemus
478 1820 547 1846 eos
562 1809 691 1855 nobis,
707 1812 776 1861 qui
791 1811 964 1850 audiunt
982 1825 992 1858 ;
1021 1818 1069 1852 ut
1083 1816 1238 1854 animos
1253 1829 1408 1865 eorum,

205 1863 258 1901 ad
282 1877 582 1916 quemcumque
609 1879 731 1904 causa
755 1868 980 1918 postulabit
1004 1876 1177 1918 motum,
1203 1886 1405 1914 vocemus.

121 1939 185 1972 11ss
203 1919 270 1958 Ad
302 1921 558 1971 probandum
590 1928 730 1961 autem
761 1924 914 1976 duplex
946 1931 1010 1965 est
1040 1931 1191 1967 oratori
1221 1931 1407 1971 subiecta

208 1987 1406 2004 Ἣ

595 2015 612 2034 ·
633 2012 689 2047 ⁸20.
706 2013 766 2047 the
781 2014 1024 2051 rhetoricians.

200 2063 278 2100 280
