1560 2294
744 102 948 143 CICERO

237 206 429 243 nuntium
442 206 565 256 priori
579 208 817 253 remisisset,
830 213 1099 260 mortuusque
1114 214 1224 248 esset
1236 211 1451 255 intestato,

239 274 283 308 et
312 282 364 308 ex
393 275 569 322 utraque
607 271 710 310 filius
748 278 870 311 natus
901 279 1040 319 esset3
1082 274 1350 313 mediocrisne
1384 286 1450 312 res

238 337 279 372 in
308 339 627 375 controversiam
656 337 836 376 adducta
865 344 943 385 est,
979 352 1073 377 cum
1102 345 1370 392 quaereretur
1397 339 1449 378 de

237 402 396 440 duobus
426 405 575 441 civium
604 405 822 455 capitibus,
850 411 894 444 et
927 405 980 444 de
1008 419 1151 458 puero,
1175 409 1245 459 qui
1274 420 1326 446 ex
1358 420 1449 458 pos—

237 470 388 506 teriore
411 474 532 507 natus
549 475 653 515 erat,
677 475 720 508 et
740 470 792 508 de
815 473 901 510 eius
921 472 1085 510 matre?
1140 472 1273 521 Quae,
1294 475 1328 511 si
1347 472 1449 511 iudi-

237 538 414 580 caretur,
441 537 562 573 certis
589 536 836 587 quibusdam
862 538 1010 583 verbis,
1035 551 1117 576 non
1143 540 1256 577 novis
1282 541 1450 590 nuptiis,

239 599 326 637 fieri
352 612 446 637 cum
473 603 681 652 superiore
709 601 943 649 divortium,
970 606 1013 641 in
1039 604 1290 643 concubinae
1316 603 1450 643 locum

238 664 469 703 duceretur.

155 740 219 772 184
290 730 406 769 Haec
438 733 579 783 igitur,
600 737 644 770 et
676 731 823 771 horum
851 734 998 772 similia
1024 737 1114 772 iura
1146 748 1245 774 suae
1274 738 1450 774 civitatis

237 798 512 847 ignorantem,
528 802 714 836 erectum
730 804 774 837 et
788 798 957 845 celsum,
973 799 1095 838 alacri
1111 806 1155 839 et
1168 807 1359 853 prompto
1379 814 1449 840 ore

237 874 284 899 ac
312 861 442 907 vultu,
470 861 550 901 huc
579 868 706 915 atque
733 863 828 902 illuc
855 867 1105 912 intuentem,
1133 869 1271 918 vagari
1298 880 1450 919 magna

236 940 329 964 cum
355 933 521 966 caterva
546 933 637 967 toto
661 927 765 975 foro,
789 930 1040 980 praesidium
1065 931 1296 978 clientibus,
1322 938 1448 984 atque

235 1005 357 1043 opem
382 995 536 1039 amicis,
561 999 605 1032 et
628 1007 756 1046 prope
780 998 936 1034 cunctis
961 997 1114 1035 civibus
1137 996 1271 1036 lucem
1295 1000 1448 1050 ingenii

235 1063 279 1096 et
294 1058 448 1096 consilii
464 1061 526 1096 sui
540 1062 821 1111 porrigentem
839 1066 965 1112 atque
981 1062 1241 1109 tendentem,
1256 1076 1392 1103 nonne
1404 1066 1447 1102 in

234 1125 373 1173 primis
393 1123 643 1176 flagitiosum
661 1126 894 1176 putandum
914 1132 978 1165 est
996 1127 1012 1165 ?

151 1193 215 1226 185
286 1188 398 1226 XLI.
427 1188 484 1227 Et
506 1192 701 1241 quoniam
723 1190 775 1229 de
798 1192 1057 1243 impudentia
1079 1193 1178 1239 dixi,
1200 1197 1447 1247 castigemus

236 1256 363 1292 etiam
388 1257 608 1306 segnitiem
634 1255 846 1295 hominum
871 1263 998 1309 atque
1023 1261 1227 1298 inertiam.
1283 1259 1391 1299 Nam
1413 1263 1446 1300 si

236 1325 346 1357 esset
376 1322 457 1357 ista
488 1323 668 1372 cognitio
700 1323 798 1360 iuris
829 1336 982 1375 magna
1013 1337 1060 1362 ac
1091 1324 1274 1371 difficilis,
1304 1331 1446 1365 tamen

235 1384 425 1423 utilitatis
436 1386 680 1438 magnitudo
695 1387 869 1426 deberet
880 1387 1065 1427 homines
1081 1389 1134 1428 ad
1145 1391 1446 1442 suscipiendum

235 1450 417 1488 discendi
439 1450 622 1490 laborem
644 1453 868 1503 impellere.
924 1453 1021 1501 Sed,
1041 1468 1067 1493 o
1088 1454 1145 1494 dii
1165 1457 1416 1496 immortales
1435 1457 1444 1496 Ξ

234 1528 315 1553 non
338 1515 518 1554 dicerem
540 1516 630 1563 hoc,
653 1518 849 1558 audiente
872 1518 1080 1566 Scaevola,
1101 1523 1178 1559 nisi
1199 1523 1287 1572 ipse
1309 1522 1444 1562 dicere

233 1577 397 1624 soleret,
411 1579 559 1617 nullius
574 1583 672 1619 artis
686 1579 909 1620 faciliorem
923 1583 999 1620 sibi
1013 1585 1290 1635 cognitionem
1303 1585 1444 1625 videri.

149 1655 213 1687 186
233 1642 354 1690 Quod
370 1644 539 1696 quidem
554 1648 676 1684 certis
693 1646 745 1685 de
761 1649 892 1685 causis
909 1661 933 1685 a
948 1647 1154 1701 plerisque
1170 1649 1290 1689 aliter
1306 1653 1445 1690 existi-

231 1714 369 1746 matur
388 1723 397 1747 :
432 1712 625 1760 primum,
648 1714 744 1763 quia
766 1718 927 1751 veteres
948 1713 1020 1759 illi,
1042 1717 1112 1766 qui
1133 1713 1226 1753 huic
1247 1718 1443 1756 scientiae

231 1772 515 1824 praefuerunt,
545 1776 796 1815 obtinendae
828 1783 954 1830 atque
985 1779 1201 1831 augendae
1229 1785 1443 1832 potentiae

231 1851 329 1876 suae
347 1852 482 1886 causa,
499 1841 731 1893 pervulgari
748 1849 881 1882 artem
897 1857 1013 1882 suam
1029 1845 1263 1892 noluerunt,
1279 1846 1443 1894 deinde,

230 1909 503 1956 posteaquam
531 1912 595 1945 est
622 1907 795 1954 editum,
823 1912 1018 1960 expositis
1047 1923 1072 1948 a
1098 1909 1171 1949 Cn.
1201 1911 1338 1951 Flavio
1363 1915 1443 1964 pri-

229 1983 343 2007 mum
381 1972 623 2019 actionibus,
660 1973 759 2011 nulli
795 1973 978 2021 fuerunt,
1015 1978 1085 2028 qui
1121 1976 1190 2015 illa
1225 1977 1440 2018 artificiose

233 2047 304 2082 128
