1560 2294
786 118 991 159 CICERO

284 226 382 260 sunt
402 227 476 261 aut
501 222 588 261 aliis
609 224 861 275 gravioribus
887 223 1125 270 consimilia,
1139 225 1297 262 secerni
1317 222 1491 262 arbitror

283 292 474 338 oportere
518 294 645 340 atque
689 301 741 327 ex
784 291 969 328 oratione
1011 291 1241 328 removeri:
1297 287 1490 340 equidem

284 365 377 391 cum
424 353 567 406 colligo
617 360 863 406 argumenta
909 367 1137 400 causarum,
1177 367 1260 392 non
1305 358 1394 392 tam
1439 365 1490 392 ea

199 420 266 454 310
283 430 499 457 numerare
541 419 652 458 soleo
694 432 819 471 quam
862 419 1110 470 expendere.
1184 418 1395 457 LXXVII.
1433 417 1490 457 Et

282 486 490 535 quoniam,
508 485 619 536 quod
644 498 769 536 saepe
792 488 875 524 iam
893 485 993 531 dixi,
1014 486 1144 524 tribus
1163 485 1286 523 rebus
1304 483 1489 523 homines

282 548 335 587 ad
354 555 536 588 nostram
556 553 807 589 sententiam
826 550 1101 602 perducimus,
1123 555 1196 588 aut
1213 549 1398 589 docendo
1416 554 1490 588 aut

281 615 532 654 conciliando
552 621 624 654 aut
641 616 932 668 permovendo,
951 629 1034 654 una
1051 629 1103 654 ex
1127 616 1258 655 tribus
1281 614 1344 654 his
1366 615 1488 654 rebus

280 693 345 719 res
367 694 467 733 prae
491 682 606 720 nobis
632 687 696 721 est
718 680 904 728 ferenda,
924 687 972 721 ut
990 681 1089 720 nihil
1113 681 1225 720 aliud
1246 683 1322 720 nisi
1341 681 1488 720 docere

281 746 386 785 velle
427 746 653 794 videamur,
689 747 873 799 reliquae
915 747 1037 793 duae,
1076 749 1195 786 sicuti
1238 748 1403 799 sanguis
1445 748 1489 785 in

278 813 527 863 corporibus,
556 815 613 851 sic
644 812 739 851 illae
771 815 814 851 in
846 815 1058 864 perpetuis
1091 812 1342 851 orationibus
1371 811 1488 851 fusae

279 891 368 916 esse
392 878 618 917 debebunt.
677 879 784 917 Nam
808 883 852 917 et
875 881 1074 930 principia
1093 883 1138 917 et
1162 883 1328 917 ceterae
1348 883 1488 930 partes

277 946 486 989 orationis,
526 943 578 982 de
619 944 766 995 quibus
811 943 934 995 paulo
976 949 1071 995 post
1115 956 1247 995 pauca
1291 943 1488 989 dicemus,

279 1007 432 1047 habere
461 1008 567 1047 hanc
595 1011 678 1047 vim
704 1022 956 1062 magnopere
989 1009 1160 1055 debent,
1188 1014 1236 1047 ut
1265 1008 1318 1047 ad
1346 1021 1487 1047 eorum

279 1080 442 1113 mentes
490 1075 601 1126 apud
649 1087 750 1126 quos
803 1080 951 1127 agetur
1003 1074 1227 1113 movendas
1278 1076 1486 1126 pertinere

195 1144 258 1178 311
279 1142 463 1191 possint;
500 1140 573 1179 sed
599 1139 661 1178 his
688 1140 874 1192 partibus
901 1142 1094 1178 orationis
1121 1152 1244 1191 quae,
1263 1144 1308 1178 et
1333 1142 1366 1178 si
1387 1138 1487 1178 nihil

279 1205 430 1244 docent
459 1205 801 1257 argumentando,
821 1205 1107 1256 persuadendo
1136 1210 1278 1243 tamen
1307 1210 1352 1243 et
1379 1218 1487 1244 com-

278 1270 481 1309 movendo
519 1270 738 1322 proficiunt
774 1270 1009 1322 plurimum,
1040 1283 1277 1322 quanquam
1306 1273 1486 1309 maxime

278 1338 463 1388 proprius
485 1341 549 1374 est
570 1336 681 1374 locus
703 1341 747 1374 et
774 1338 817 1374 in
846 1335 1096 1374 exordiendo
1118 1340 1163 1374 et
1181 1338 1224 1373 in
1244 1335 1486 1387 perorando,

278 1401 438 1454 digredi
466 1407 608 1440 tamen
637 1402 689 1440 ab
725 1414 774 1440 eo
808 1401 919 1453 quod
946 1403 1204 1453 proposueris
1233 1406 1359 1453 atque
1388 1414 1486 1454 agas

278 1467 648 1518 permovendorum
679 1469 907 1505 animorum
944 1479 1067 1505 causa
1099 1479 1223 1518 saepe
1261 1465 1362 1505 utile
1394 1471 1486 1512 est3

194 1541 261 1574 312
279 1535 420 1584 itaque
449 1532 515 1571 vel
541 1546 586 1571 re
620 1538 786 1571 narrata
823 1538 867 1571 et
905 1534 1093 1583 exposita
1131 1545 1255 1583 saepe
1284 1531 1407 1570 datur
1433 1531 1487 1571 ad

278 1597 592 1636 commovendos
628 1599 783 1636 animos
818 1597 1075 1650 digrediendi
1109 1597 1234 1643 locus,
1269 1597 1334 1636 vel
1367 1610 1485 1650 argu-

279 1666 430 1702 mentis
447 1666 595 1701 nostris
618 1663 866 1701 confirmatis
890 1662 955 1701 vel
978 1664 1189 1701 contrariis
1214 1661 1405 1701 refutatis
1421 1662 1486 1702 vel

280 1734 456 1780 utroque
499 1728 586 1766 loco
630 1728 695 1766 vel
737 1729 939 1774 omnibus,
981 1730 1014 1766 si
1057 1727 1185 1766 habet
1227 1740 1320 1766 eam
1364 1740 1486 1766 causa

279 1794 527 1846 dignitatem
570 1799 695 1845 atque
739 1796 912 1844 copiam,
948 1799 1061 1831 recte
1103 1792 1147 1831 id
1190 1792 1277 1831 fieri
1317 1798 1486 1844 potest3

279 1872 437 1910 eaeque
465 1872 612 1896 causae
640 1864 737 1897 sunt
764 1858 816 1897 ad
844 1858 1080 1910 augendum
1108 1863 1152 1896 et
1179 1857 1232 1896 ad
1258 1857 1486 1896 ornandum

754 1999 770 2015 ⁰
793 1998 827 2034 §5
845 1997 923 2034 3⁶26,
941 1996 1020 2028 333.

275 2083 352 2118 434
