1560 2294
766 119 970 160 CICERO

262 231 496 277 excitanda,
515 230 615 269 nihil
640 232 862 272 adiuvante
886 238 1046 272 natura.
1104 233 1187 273 Sed
1209 241 1371 274 tantam
1390 239 1471 275 vim

261 289 390 330 habet
417 290 499 337 illa,
519 304 626 343 quae
646 297 759 331 recte
790 306 814 331 a
842 293 950 332 bono
975 299 1101 345 poeta
1127 294 1237 333 dicta
1258 301 1322 334 est
1347 294 1357 310 ⁴
1372 295 1471 335 flex-

262 353 399 389 anima
425 356 552 402 atque
578 354 761 390 omnium
784 355 928 405 regina
951 353 1116 400 rerum,'
1140 357 1285 401 oratio,
1312 361 1360 394 ut
1388 369 1470 395 non

261 410 384 449 modo
417 411 685 450 inclinantem
719 415 909 464 excipere
939 418 1013 452 aut
1045 419 1228 454 stantem
1261 415 1470 463 inclinare,

262 470 337 509 sed
381 473 508 509 etiam
553 471 843 511 adversantem
885 486 933 511 ac
972 480 1276 526 repugnantem
1310 481 1358 515 ut
1396 478 1471 515 im-

259 536 427 582 perator
444 531 575 569 bonus
595 543 643 570 ac
661 530 778 571 fortis
796 545 943 584 capere
962 535 1102 584 possit.

177 597 241 630 188
310 590 436 629 XLV.
467 590 583 629 Haec
597 597 694 630 sunt
707 591 789 638 illa,
804 605 911 644 quae
924 605 992 631 me
1006 593 1151 632 ludens
1167 594 1334 634 Crassus
1347 595 1469 635 modo

258 649 489 702 flagitabat,
508 665 602 690 cum
625 664 650 689 a
671 665 740 690 me
760 652 954 691 divinitus
975 656 1144 692 tractari
1163 654 1294 694 solere
1313 655 1470 695 diceret

258 716 304 749 et
325 713 368 749 in
386 724 509 749 causa
530 709 605 750 Μ’.
626 711 795 764 Aquilii,
819 712 995 765 Gaiique
1015 713 1211 761 Norbani,
1231 729 1314 754 non
1333 716 1470 755 nullis-

257 784 339 823 que
366 770 452 809 aliis
482 773 598 823 quasi
623 771 834 823 praeclare
861 778 955 811 acta
979 773 1181 813 laudaret.
1240 774 1358 824 Quae
1383 789 1469 815 me-

257 829 421 869 hercule
446 844 538 884 ego,
565 831 724 878 Crasse,
751 845 845 872 cum
872 846 896 871 a
921 838 966 872 te
992 839 1224 873 tractantur
1253 837 1296 873 in
1324 838 1468 883 causis,

256 890 421 930 horrere
435 891 546 930 soleo
565 905 575 930 ι
603 897 723 931 tanta
736 895 795 931 vis
810 895 948 939 animi,
962 899 1104 933 tantus
1118 897 1312 946 impetus,
1326 901 1468 936 tantus

257 951 384 997 dolor,
413 951 552 998 oculis,
581 951 712 999 vultu,
745 958 882 1005 gestu,
911 953 1042 1006 digito
1076 954 1255 1007 denique
1287 957 1367 995 isto
1395 961 1468 995 tuo

256 1011 475 1064 significari
500 1011 635 1059 solet;
675 1017 842 1051 tantum
869 1018 934 1052 est
959 1013 1114 1052 flumen
1139 1017 1469 1067 gravissimorum

257 1074 589 1124 optimorumque
620 1073 851 1119 verborum,
882 1078 970 1112 tam
1000 1076 1189 1126 integrae
1219 1078 1468 1123 sententiae,

256 1136 345 1170 tam
367 1145 504 1178 verae,
528 1138 616 1171 tam
643 1145 789 1179 novae,
812 1138 900 1172 tam
929 1136 1016 1173 sine
1039 1137 1262 1186 pigmentis
1290 1134 1467 1189 fucoque

257 1191 418 1243 puerili,
438 1197 486 1230 ut
504 1192 604 1230 mihi
624 1206 708 1231 non
726 1192 857 1231 solum
876 1198 925 1232 tu
943 1194 1164 1233 incendere
1183 1195 1375 1243 iudicem,
1394 1196 1468 1235 sed

255 1254 344 1303 ipse
363 1251 507 1290 ardere
527 1252 713 1291 videaris.

174 1318 237 1352 189
308 1311 455 1363 Neque
472 1312 558 1350 fieri
573 1317 728 1364 potest,
743 1317 792 1351 ut
806 1312 947 1352 doleat
961 1316 1009 1359 is,
1025 1317 1095 1366 qui
1111 1314 1241 1361 audit,
1256 1321 1305 1355 ut
1319 1316 1467 1363 oderit,

255 1376 303 1410 ut
336 1371 535 1418 invideat,
568 1378 617 1411 ut
649 1375 918 1424 pertimescat
952 1373 1119 1426 aliquid,
1153 1380 1202 1413 ut
1235 1375 1289 1414 ad
1322 1375 1467 1415 fletum

254 1431 656 1484 misericordiamque
685 1432 929 1480 deducatur,
954 1436 1031 1472 nisi
1060 1448 1202 1473 omnes
1229 1434 1288 1473 illi
1315 1441 1466 1483 motus,

254 1504 356 1543 quos
389 1497 527 1531 orator
560 1491 756 1531 adhibere
789 1492 901 1531 volet
939 1493 1075 1540 iudici,
1108 1497 1151 1532 in
1183 1497 1272 1546 ipso
1305 1501 1466 1535 oratore

253 1554 440 1603 impressi
486 1565 575 1590 esse
618 1557 746 1604 atque
793 1555 918 1591 inusti
966 1553 1228 1593 videbuntur.
1311 1554 1466 1604 Quodsi

255 1611 373 1650 fictus
401 1611 546 1663 aliquis
573 1611 687 1650 dolor
714 1612 994 1664 suscipiendus
1022 1619 1132 1653 esset
1170 1619 1215 1653 et
1240 1617 1274 1653 si
1309 1617 1353 1653 in
1379 1617 1466 1654 eius

253 1671 366 1710 modi
392 1684 546 1724 genere
574 1674 767 1710 orationis
795 1672 895 1710 nihil
923 1678 1033 1711 esset
1059 1676 1136 1712 nisi
1162 1673 1311 1713 falsum
1339 1680 1465 1727 atque

254 1733 486 1770 imitatione
505 1731 757 1778 simulatum,
776 1735 906 1771 maior
925 1746 988 1771 ars
1008 1732 1147 1785 aliqua
1164 1732 1336 1773 forsitan
1355 1740 1465 1774 esset

253 1791 513 1843 requirenda.
562 1791 600 1830 N
602 1805 681 1830 unc
697 1805 789 1844 ego,
805 1792 905 1844 quid
922 1793 1014 1839 tibi,
1029 1792 1188 1840 Crasse,
1203 1794 1304 1846 quid
1317 1797 1464 1834 ceteris

254 1851 428 1897 accidat,
454 1853 621 1897 nescio;
662 1851 714 1890 de
740 1865 808 1890 me
836 1858 977 1891 autem
1004 1866 1127 1891 causa
1153 1853 1264 1892 nulla
1290 1860 1368 1900 est,
1394 1868 1466 1893 cur

299 1983 316 2000 ⁶
338 1980 394 2013 220.
413 1979 602 2020 Pacuvius,
617 1981 652 2013 in
669 1980 725 2013 his
741 1983 794 2013 tra
823 1980 867 2014 ed
910 1981 1112 2015 Hermione.
1157 1980 1226 2016 See
1239 1982 1410 2017 Remamae
1425 1982 1470 2027 os

257 2023 328 2057 Old
343 2023 465 2064 Latin,
482 2025 518 2059 ii.
536 2035 597 2068 pp.
614 2026 768 2058 232-283
783 1991 964 2069 (fidu).

255 2091 332 2127 332
