<?xml version="1.0" encoding="UTF-8"?>
<!DOCTYPE html PUBLIC "-//W3C//DTD XHTML 1.0 Transitional//EN"
    "http://www.w3.org/TR/xhtml1/DTD/xhtml1-transitional.dtd">
<html xmlns="http://www.w3.org/1999/xhtml" xml:lang="en" lang="en">
 <head>
  <title>
</title>
<meta http-equiv="Content-Type" content="text/html;charset=utf-8" />
  <meta name='ocr-system' content='tesseract 3.04.00' />
  <meta name='ocr-capabilities' content='ocr_page ocr_carea ocr_par ocr_line ocrx_word'/>
</head>
<body>
  <div class='ocr_page' id='page_1' title='image "./cicerodeoratore01ciceuoft_0222.png"; bbox 0 0 1560 2294; ppageno 0'>
   <div class='ocr_carea' id='block_1_1' title="bbox 723 98 929 139">
    <p class='ocr_par' dir='ltr' id='par_1_1' title="bbox 723 98 929 139">
     <span class='ocr_line' id='line_1_1' title="bbox 723 98 929 139; baseline 0.01 -2"><span class='ocrx_word' id='word_1_1' title='bbox 723 98 929 139; x_wconf 90' lang='lat' dir='ltr'>CICERO</span> 
     </span>
    </p>
   </div>
   <div class='ocr_carea' id='block_1_2' title="bbox 129 203 1433 1755">
    <p class='ocr_par' dir='ltr' id='par_1_2' title="bbox 215 203 1432 438">
     <span class='ocr_line' id='line_1_2' title="bbox 219 203 1432 256; baseline 0.007 -19"><span class='ocrx_word' id='word_1_2' title='bbox 219 212 556 253; x_wconf 90' lang='lat' dir='ltr'>unumquemque</span> <span class='ocrx_word' id='word_1_3' title='bbox 593 207 779 241; x_wconf 88' lang='lat' dir='ltr'>nostrum</span> <span class='ocrx_word' id='word_1_4' title='bbox 817 205 934 255; x_wconf 84' lang='lat' dir='ltr'>quasi</span> <span class='ocrx_word' id='word_1_5' title='bbox 967 203 1190 256; x_wconf 85' lang='lat' dir='ltr'><strong>quemdam</strong></span> <span class='ocrx_word' id='word_1_6' title='bbox 1224 218 1314 245; x_wconf 89' lang='lat' dir='ltr'>esse</span> <span class='ocrx_word' id='word_1_7' title='bbox 1350 205 1432 246; x_wconf 82' lang='lat' dir='ltr'>Ro-</span> 
     </span>
     <span class='ocr_line' id='line_1_3' title="bbox 216 260 1430 315; baseline 0.007 -18"><span class='ocrx_word' id='word_1_8' title='bbox 216 261 370 306; x_wconf 88' lang='lat' dir='ltr'>scium;</span> <span class='ocrx_word' id='word_1_9' title='bbox 411 260 649 313; x_wconf 83' lang='lat' dir='ltr'><strong>dixistique,</strong></span> <span class='ocrx_word' id='word_1_10' title='bbox 678 276 761 300; x_wconf 90' lang='lat' dir='ltr'>non</span> <span class='ocrx_word' id='word_1_11' title='bbox 789 268 877 302; x_wconf 85' lang='lat' dir='ltr'>tam</span> <span class='ocrx_word' id='word_1_12' title='bbox 906 276 970 310; x_wconf 87' lang='lat' dir='ltr'>ea,</span> <span class='ocrx_word' id='word_1_13' title='bbox 999 277 1106 315; x_wconf 89' lang='lat' dir='ltr'>quae</span> <span class='ocrx_word' id='word_1_14' title='bbox 1134 270 1250 304; x_wconf 84' lang='lat' dir='ltr'>recta</span> <span class='ocrx_word' id='word_1_15' title='bbox 1277 271 1430 314; x_wconf 84' lang='lat' dir='ltr'>essent,</span> 
     </span>
     <span class='ocr_line' id='line_1_4' title="bbox 216 320 1430 374; baseline 0.007 -17"><span class='ocrx_word' id='word_1_16' title='bbox 216 320 393 370; x_wconf 89' lang='lat' dir='ltr'>probari,</span> <span class='ocrx_word' id='word_1_17' title='bbox 408 334 533 373; x_wconf 88' lang='lat' dir='ltr'>quam</span> <span class='ocrx_word' id='word_1_18' title='bbox 549 335 656 374; x_wconf 90' lang='lat' dir='ltr'>quae</span> <span class='ocrx_word' id='word_1_19' title='bbox 673 335 801 374; x_wconf 89' lang='lat' dir='ltr'>prava</span> <span class='ocrx_word' id='word_1_20' title='bbox 814 328 911 362; x_wconf 91' lang='lat' dir='ltr'>sunt</span> <span class='ocrx_word' id='word_1_21' title='bbox 924 322 1099 363; x_wconf 87' lang='lat' dir='ltr'>fastidiis</span> <span class='ocrx_word' id='word_1_22' title='bbox 1114 324 1430 366; x_wconf 85' lang='lat' dir='ltr'>adhaerescere:</span> 
     </span>
     <span class='ocr_line' id='line_1_5' title="bbox 215 380 1431 438; baseline 0.007 -20"><span class='ocrx_word' id='word_1_23' title='bbox 215 380 327 431; x_wconf 93' lang='lat' dir='ltr'>quod</span> <span class='ocrx_word' id='word_1_24' title='bbox 356 393 434 433; x_wconf 88' lang='lat' dir='ltr'>ego</span> <span class='ocrx_word' id='word_1_25' title='bbox 463 394 546 420; x_wconf 91' lang='lat' dir='ltr'>non</span> <span class='ocrx_word' id='word_1_26' title='bbox 573 387 662 421; x_wconf 88' lang='lat' dir='ltr'>tam</span> <span class='ocrx_word' id='word_1_27' title='bbox 690 381 903 422; x_wconf 81' lang='lat' dir='ltr'>fastidiose</span> <span class='ocrx_word' id='word_1_28' title='bbox 931 386 975 422; x_wconf 90' lang='lat' dir='ltr'>in</span> <span class='ocrx_word' id='word_1_29' title='bbox 998 385 1130 431; x_wconf 90' lang='lat' dir='ltr'>nobis,</span> <span class='ocrx_word' id='word_1_30' title='bbox 1155 399 1280 438; x_wconf 89' lang='lat' dir='ltr'>quam</span> <span class='ocrx_word' id='word_1_31' title='bbox 1303 388 1347 425; x_wconf 89' lang='lat' dir='ltr'>in</span> <span class='ocrx_word' id='word_1_32' title='bbox 1369 385 1431 425; x_wconf 90' lang='lat' dir='ltr'>hi-</span> 
     </span>
    </p>

    <p class='ocr_par' dir='ltr' id='par_1_3' title="bbox 129 441 1433 962">
     <span class='ocr_line' id='line_1_6' title="bbox 129 441 1432 499; baseline 0.005 -20"><span class='ocrx_word' id='word_1_33' title='bbox 129 445 197 481; x_wconf 80' lang='lat'>259</span> <span class='ocrx_word' id='word_1_34' title='bbox 214 441 450 487; x_wconf 75' lang='lat' dir='ltr'>strionibus,</span> <span class='ocrx_word' id='word_1_35' title='bbox 476 444 654 493; x_wconf 87' lang='lat' dir='ltr'>spectari</span> <span class='ocrx_word' id='word_1_36' title='bbox 681 448 798 494; x_wconf 89' lang='lat' dir='ltr'>puto.</span> <span class='ocrx_word' id='word_1_37' title='bbox 854 443 1004 496; x_wconf 92' lang='lat' dir='ltr'>Itaque</span> <span class='ocrx_word' id='word_1_38' title='bbox 1032 457 1106 483; x_wconf 93' lang='lat' dir='ltr'>nos</span> <span class='ocrx_word' id='word_1_39' title='bbox 1134 458 1278 485; x_wconf 88' lang='lat' dir='ltr'>raucos</span> <span class='ocrx_word' id='word_1_40' title='bbox 1305 458 1432 499; x_wconf 81' lang='lat' dir='ltr'>saepe</span> 
     </span>
     <span class='ocr_line' id='line_1_7' title="bbox 215 501 1432 559; baseline 0.007 -22"><span class='ocrx_word' id='word_1_41' title='bbox 215 502 493 540; x_wconf 81' lang='lat' dir='ltr'>attentissime</span> <span class='ocrx_word' id='word_1_42' title='bbox 513 501 645 540; x_wconf 90' lang='lat' dir='ltr'>audiri</span> <span class='ocrx_word' id='word_1_43' title='bbox 663 502 783 542; x_wconf 89' lang='lat' dir='ltr'>video</span> <span class='ocrx_word' id='word_1_44' title='bbox 801 516 811 542; x_wconf 89' lang='lat'>:</span> <span class='ocrx_word' id='word_1_45' title='bbox 845 508 966 542; x_wconf 90' lang='lat' dir='ltr'>tenet</span> <span class='ocrx_word' id='word_1_46' title='bbox 985 506 1095 543; x_wconf 88' lang='lat' dir='ltr'>enim</span> <span class='ocrx_word' id='word_1_47' title='bbox 1112 518 1178 544; x_wconf 90' lang='lat' dir='ltr'>res</span> <span class='ocrx_word' id='word_1_48' title='bbox 1196 508 1286 557; x_wconf 90' lang='lat' dir='ltr'>ipsa</span> <span class='ocrx_word' id='word_1_49' title='bbox 1303 511 1432 559; x_wconf 84' lang='lat' dir='ltr'>atque</span> 
     </span>
     <span class='ocr_line' id='line_1_8' title="bbox 214 561 1431 618; baseline 0.007 -20"><span class='ocrx_word' id='word_1_50' title='bbox 214 573 338 598; x_wconf 88' lang='lat' dir='ltr'>causa</span> <span class='ocrx_word' id='word_1_51' title='bbox 357 574 366 599; x_wconf 92' lang='lat'><strong>:</strong></span> <span class='ocrx_word' id='word_1_52' title='bbox 399 566 443 599; x_wconf 90' lang='lat' dir='ltr'>at</span> <span class='ocrx_word' id='word_1_53' title='bbox 459 561 686 614; x_wconf 89' lang='lat' dir='ltr'>Aesopum,</span> <span class='ocrx_word' id='word_1_54' title='bbox 702 565 736 601; x_wconf 92' lang='lat' dir='ltr'>si</span> <span class='ocrx_word' id='word_1_55' title='bbox 752 563 922 615; x_wconf 86' lang='lat' dir='ltr'>paulum</span> <span class='ocrx_word' id='word_1_56' title='bbox 938 566 1163 612; x_wconf 89' lang='lat' dir='ltr'>irrauserit,</span> <span class='ocrx_word' id='word_1_57' title='bbox 1180 565 1358 618; x_wconf 89' lang='lat' dir='ltr'>explodi.</span> <span class='ocrx_word' id='word_1_58' title='bbox 1391 567 1431 606; x_wconf 89' lang='lat' dir='ltr'>A</span> 
     </span>
     <span class='ocr_line' id='line_1_9' title="bbox 215 621 1432 678; baseline 0.007 -21"><span class='ocrx_word' id='word_1_59' title='bbox 215 621 363 671; x_wconf 91' lang='lat' dir='ltr'>quibus</span> <span class='ocrx_word' id='word_1_60' title='bbox 389 623 500 659; x_wconf 92' lang='lat' dir='ltr'>enim</span> <span class='ocrx_word' id='word_1_61' title='bbox 524 621 624 660; x_wconf 92' lang='lat' dir='ltr'>nihil</span> <span class='ocrx_word' id='word_1_62' title='bbox 647 628 816 674; x_wconf 90' lang='lat' dir='ltr'>praeter</span> <span class='ocrx_word' id='word_1_63' title='bbox 839 623 1098 675; x_wconf 88' lang='lat' dir='ltr'>voluptatem</span> <span class='ocrx_word' id='word_1_64' title='bbox 1122 628 1282 664; x_wconf 84' lang='lat' dir='ltr'>aurium</span> <span class='ocrx_word' id='word_1_65' title='bbox 1306 639 1432 678; x_wconf 85' lang='lat' dir='ltr'>quae-</span> 
     </span>
     <span class='ocr_line' id='line_1_10' title="bbox 214 681 1433 739; baseline 0.007 -21"><span class='ocrx_word' id='word_1_66' title='bbox 214 683 333 726; x_wconf 93' lang='lat' dir='ltr'>ritur,</span> <span class='ocrx_word' id='word_1_67' title='bbox 347 683 391 719; x_wconf 89' lang='lat' dir='ltr'>in</span> <span class='ocrx_word' id='word_1_68' title='bbox 406 683 464 720; x_wconf 90' lang='lat' dir='ltr'>eis</span> <span class='ocrx_word' id='word_1_69' title='bbox 479 681 714 729; x_wconf 85' lang='lat' dir='ltr'>offenditur,</span> <span class='ocrx_word' id='word_1_70' title='bbox 726 683 847 722; x_wconf 90' lang='lat' dir='ltr'>simul</span> <span class='ocrx_word' id='word_1_71' title='bbox 863 689 991 736; x_wconf 90' lang='lat' dir='ltr'>atque</span> <span class='ocrx_word' id='word_1_72' title='bbox 1007 687 1264 724; x_wconf 87' lang='lat' dir='ltr'>imminuitur</span> <span class='ocrx_word' id='word_1_73' title='bbox 1278 686 1433 739; x_wconf 87' lang='lat' dir='ltr'>aliquid</span> 
     </span>
     <span class='ocr_line' id='line_1_11' title="bbox 215 740 1431 799; baseline 0.006 -20"><span class='ocrx_word' id='word_1_74' title='bbox 215 740 268 779; x_wconf 91' lang='lat' dir='ltr'>de</span> <span class='ocrx_word' id='word_1_75' title='bbox 285 741 513 793; x_wconf 88' lang='lat' dir='ltr'>voluptate.</span> <span class='ocrx_word' id='word_1_76' title='bbox 570 742 619 781; x_wconf 91' lang='lat' dir='ltr'>In</span> <span class='ocrx_word' id='word_1_77' title='bbox 636 743 875 795; x_wconf 87' lang='lat' dir='ltr'>eloquentia</span> <span class='ocrx_word' id='word_1_78' title='bbox 891 750 1034 783; x_wconf 86' lang='lat' dir='ltr'>autem</span> <span class='ocrx_word' id='word_1_79' title='bbox 1048 745 1181 784; x_wconf 89' lang='lat' dir='ltr'>multa</span> <span class='ocrx_word' id='word_1_80' title='bbox 1196 752 1307 793; x_wconf 91' lang='lat' dir='ltr'>sunt,</span> <span class='ocrx_word' id='word_1_81' title='bbox 1324 760 1431 799; x_wconf 87' lang='lat' dir='ltr'>quae</span> 
     </span>
     <span class='ocr_line' id='line_1_12' title="bbox 215 805 1431 860; baseline 0.006 -21"><span class='ocrx_word' id='word_1_82' title='bbox 215 806 412 847; x_wconf 88' lang='lat' dir='ltr'>teneant;</span> <span class='ocrx_word' id='word_1_83' title='bbox 438 815 546 854; x_wconf 88' lang='lat' dir='ltr'>quae</span> <span class='ocrx_word' id='word_1_84' title='bbox 561 805 595 841; x_wconf 90' lang='lat' dir='ltr'>si</span> <span class='ocrx_word' id='word_1_85' title='bbox 609 806 748 842; x_wconf 91' lang='lat' dir='ltr'>omnia</span> <span class='ocrx_word' id='word_1_86' title='bbox 759 817 920 843; x_wconf 85' lang='lat' dir='ltr'>summa</span> <span class='ocrx_word' id='word_1_87' title='bbox 931 819 1015 844; x_wconf 92' lang='lat' dir='ltr'>non</span> <span class='ocrx_word' id='word_1_88' title='bbox 1026 811 1222 845; x_wconf 82' lang='lat' dir='ltr'>sunt—et</span> <span class='ocrx_word' id='word_1_89' title='bbox 1232 806 1431 860; x_wconf 86' lang='lat' dir='ltr'>pleraque</span> 
     </span>
     <span class='ocr_line' id='line_1_13' title="bbox 215 866 1432 919; baseline 0.007 -20"><span class='ocrx_word' id='word_1_90' title='bbox 215 866 359 900; x_wconf 88' lang='lat' dir='ltr'>tamen</span> <span class='ocrx_word' id='word_1_91' title='bbox 381 875 534 914; x_wconf 88' lang='lat' dir='ltr'>magna</span> <span class='ocrx_word' id='word_1_92' title='bbox 556 868 875 903; x_wconf 90' lang='lat' dir='ltr'>sunt—necesse</span> <span class='ocrx_word' id='word_1_93' title='bbox 900 870 978 911; x_wconf 90' lang='lat' dir='ltr'>est,</span> <span class='ocrx_word' id='word_1_94' title='bbox 999 878 1050 904; x_wconf 91' lang='lat' dir='ltr'>ea</span> <span class='ocrx_word' id='word_1_95' title='bbox 1073 868 1163 917; x_wconf 90' lang='lat' dir='ltr'>ipsa</span> <span class='ocrx_word' id='word_1_96' title='bbox 1187 879 1295 919; x_wconf 86' lang='lat' dir='ltr'>quae</span> <span class='ocrx_word' id='word_1_97' title='bbox 1319 873 1432 915; x_wconf 87' lang='lat' dir='ltr'>sunt,</span> 
     </span>
     <span class='ocr_line' id='line_1_14' title="bbox 215 921 576 962; baseline 0.008 -3"><span class='ocrx_word' id='word_1_98' title='bbox 215 921 417 960; x_wconf 89' lang='lat' dir='ltr'>mirabilia</span> <span class='ocrx_word' id='word_1_99' title='bbox 435 922 576 962; x_wconf 91' lang='lat' dir='ltr'>videri.</span> 
     </span>
    </p>

    <p class='ocr_par' dir='ltr' id='par_1_4' title="bbox 130 981 1432 1755">
     <span class='ocr_line' id='line_1_15' title="bbox 130 981 1430 1034; baseline 0.008 -16"><span class='ocrx_word' id='word_1_100' title='bbox 130 993 197 1027; x_wconf 80' lang='lat'>260</span> <span class='ocrx_word' id='word_1_101' title='bbox 266 981 392 1034; x_wconf 91' lang='lat' dir='ltr'>Ergo,</span> <span class='ocrx_word' id='word_1_102' title='bbox 409 987 457 1021; x_wconf 94' lang='lat' dir='ltr'>ut</span> <span class='ocrx_word' id='word_1_103' title='bbox 477 982 531 1021; x_wconf 86' lang='lat' dir='ltr'>ad</span> <span class='ocrx_word' id='word_1_104' title='bbox 548 985 729 1034; x_wconf 91' lang='lat' dir='ltr'>primum</span> <span class='ocrx_word' id='word_1_105' title='bbox 748 983 850 1023; x_wconf 91' lang='lat' dir='ltr'>illud</span> <span class='ocrx_word' id='word_1_106' title='bbox 868 990 1067 1032; x_wconf 88' lang='lat' dir='ltr'>revertar,</span> <span class='ocrx_word' id='word_1_107' title='bbox 1083 988 1138 1024; x_wconf 88' lang='lat' dir='ltr'>sit</span> <span class='ocrx_word' id='word_1_108' title='bbox 1157 991 1295 1026; x_wconf 90' lang='lat' dir='ltr'>orator</span> <span class='ocrx_word' id='word_1_109' title='bbox 1313 988 1430 1028; x_wconf 87' lang='lat' dir='ltr'>nobis</span> 
     </span>
     <span class='ocr_line' id='line_1_16' title="bbox 214 1042 1432 1100; baseline 0.007 -21"><span class='ocrx_word' id='word_1_110' title='bbox 214 1044 262 1087; x_wconf 93' lang='lat' dir='ltr'>is,</span> <span class='ocrx_word' id='word_1_111' title='bbox 289 1044 373 1093; x_wconf 93' lang='lat' dir='ltr'>qui,</span> <span class='ocrx_word' id='word_1_112' title='bbox 400 1047 448 1080; x_wconf 91' lang='lat' dir='ltr'>ut</span> <span class='ocrx_word' id='word_1_113' title='bbox 474 1042 642 1081; x_wconf 88' lang='lat' dir='ltr'>Crassus</span> <span class='ocrx_word' id='word_1_114' title='bbox 669 1043 899 1095; x_wconf 86' lang='lat' dir='ltr'>descripsit,</span> <span class='ocrx_word' id='word_1_115' title='bbox 926 1045 1235 1085; x_wconf 86' lang='lat' dir='ltr'>accommodate</span> <span class='ocrx_word' id='word_1_116' title='bbox 1261 1047 1316 1086; x_wconf 83' lang='lat' dir='ltr'>ad</span> <span class='ocrx_word' id='word_1_117' title='bbox 1339 1061 1432 1100; x_wconf 90' lang='lat' dir='ltr'>per-</span> 
     </span>
     <span class='ocr_line' id='line_1_17' title="bbox 213 1101 1431 1154; baseline 0.007 -15"><span class='ocrx_word' id='word_1_118' title='bbox 213 1101 473 1140; x_wconf 86' lang='lat' dir='ltr'>suadendum</span> <span class='ocrx_word' id='word_1_119' title='bbox 498 1105 628 1154; x_wconf 91' lang='lat' dir='ltr'>possit</span> <span class='ocrx_word' id='word_1_120' title='bbox 654 1103 803 1142; x_wconf 90' lang='lat' dir='ltr'>dicere.</span> <span class='ocrx_word' id='word_1_121' title='bbox 860 1103 901 1142; x_wconf 92' lang='lat' dir='ltr'>Is</span> <span class='ocrx_word' id='word_1_122' title='bbox 928 1110 1070 1143; x_wconf 88' lang='lat' dir='ltr'>autem</span> <span class='ocrx_word' id='word_1_123' title='bbox 1096 1105 1364 1146; x_wconf 87' lang='lat' dir='ltr'>concludatur</span> <span class='ocrx_word' id='word_1_124' title='bbox 1387 1110 1431 1147; x_wconf 90' lang='lat' dir='ltr'>in</span> 
     </span>
     <span class='ocr_line' id='line_1_18' title="bbox 215 1165 1432 1217; baseline 0.007 -18"><span class='ocrx_word' id='word_1_125' title='bbox 215 1175 279 1208; x_wconf 87' lang='lat' dir='ltr'>ea,</span> <span class='ocrx_word' id='word_1_126' title='bbox 308 1174 415 1213; x_wconf 87' lang='lat' dir='ltr'>quae</span> <span class='ocrx_word' id='word_1_127' title='bbox 445 1167 542 1201; x_wconf 90' lang='lat' dir='ltr'>sunt</span> <span class='ocrx_word' id='word_1_128' title='bbox 569 1165 612 1200; x_wconf 93' lang='lat' dir='ltr'>in</span> <span class='ocrx_word' id='word_1_129' title='bbox 640 1176 717 1201; x_wconf 92' lang='lat' dir='ltr'>usu</span> <span class='ocrx_word' id='word_1_130' title='bbox 745 1166 961 1202; x_wconf 87' lang='lat' dir='ltr'>civitatum</span> <span class='ocrx_word' id='word_1_131' title='bbox 989 1165 1146 1217; x_wconf 89' lang='lat' dir='ltr'>vulgari</span> <span class='ocrx_word' id='word_1_132' title='bbox 1175 1179 1223 1205; x_wconf 89' lang='lat' dir='ltr'>ac</span> <span class='ocrx_word' id='word_1_133' title='bbox 1249 1165 1432 1216; x_wconf 81' lang='lat' dir='ltr'>forensi3</span> 
     </span>
     <span class='ocr_line' id='line_1_19' title="bbox 213 1223 1432 1279; baseline 0.007 -20"><span class='ocrx_word' id='word_1_134' title='bbox 213 1224 467 1273; x_wconf 88' lang='lat' dir='ltr'>remotisque</span> <span class='ocrx_word' id='word_1_135' title='bbox 500 1224 649 1261; x_wconf 90' lang='lat' dir='ltr'>ceteris</span> <span class='ocrx_word' id='word_1_136' title='bbox 682 1223 842 1270; x_wconf 89' lang='lat' dir='ltr'>studiis,</span> <span class='ocrx_word' id='word_1_137' title='bbox 876 1227 1062 1276; x_wconf 86' lang='lat' dir='ltr'>quamvis</span> <span class='ocrx_word' id='word_1_138' title='bbox 1096 1238 1146 1264; x_wconf 88' lang='lat' dir='ltr'>ea</span> <span class='ocrx_word' id='word_1_139' title='bbox 1178 1228 1262 1265; x_wconf 88' lang='lat' dir='ltr'>sint</span> <span class='ocrx_word' id='word_1_140' title='bbox 1294 1227 1432 1279; x_wconf 84' lang='lat' dir='ltr'>ampla</span> 
     </span>
     <span class='ocr_line' id='line_1_20' title="bbox 215 1281 1431 1335; baseline 0.007 -16"><span class='ocrx_word' id='word_1_141' title='bbox 215 1287 342 1334; x_wconf 88' lang='lat' dir='ltr'>atque</span> <span class='ocrx_word' id='word_1_142' title='bbox 355 1282 581 1333; x_wconf 90' lang='lat' dir='ltr'>praeclara,</span> <span class='ocrx_word' id='word_1_143' title='bbox 594 1285 637 1320; x_wconf 93' lang='lat' dir='ltr'>in</span> <span class='ocrx_word' id='word_1_144' title='bbox 650 1281 728 1322; x_wconf 92' lang='lat' dir='ltr'>hoe</span> <span class='ocrx_word' id='word_1_145' title='bbox 741 1297 823 1322; x_wconf 92' lang='lat' dir='ltr'>uno</span> <span class='ocrx_word' id='word_1_146' title='bbox 837 1297 977 1335; x_wconf 91' lang='lat' dir='ltr'>opere,</span> <span class='ocrx_word' id='word_1_147' title='bbox 992 1290 1040 1323; x_wconf 94' lang='lat' dir='ltr'>ut</span> <span class='ocrx_word' id='word_1_148' title='bbox 1052 1287 1112 1323; x_wconf 91' lang='lat' dir='ltr'>ita</span> <span class='ocrx_word' id='word_1_149' title='bbox 1126 1285 1274 1333; x_wconf 87' lang='lat' dir='ltr'>dicam,</span> <span class='ocrx_word' id='word_1_150' title='bbox 1287 1292 1431 1327; x_wconf 81' lang='lat' dir='ltr'>noctes</span> 
     </span>
     <span class='ocr_line' id='line_1_21' title="bbox 215 1341 1430 1396; baseline 0.007 -17"><span class='ocrx_word' id='word_1_151' title='bbox 215 1347 260 1380; x_wconf 90' lang='lat' dir='ltr'>et</span> <span class='ocrx_word' id='word_1_152' title='bbox 283 1341 371 1380; x_wconf 87' lang='lat' dir='ltr'>dies</span> <span class='ocrx_word' id='word_1_153' title='bbox 395 1347 622 1394; x_wconf 78' lang='lat' dir='ltr'>urgeatur3</span> <span class='ocrx_word' id='word_1_154' title='bbox 659 1345 929 1396; x_wconf 87' lang='lat' dir='ltr'>imiteturque</span> <span class='ocrx_word' id='word_1_155' title='bbox 953 1344 1081 1391; x_wconf 89' lang='lat' dir='ltr'>illum,</span> <span class='ocrx_word' id='word_1_156' title='bbox 1105 1348 1171 1384; x_wconf 90' lang='lat' dir='ltr'>cui</span> <span class='ocrx_word' id='word_1_157' title='bbox 1193 1348 1281 1385; x_wconf 91' lang='lat' dir='ltr'>sine</span> <span class='ocrx_word' id='word_1_158' title='bbox 1305 1346 1430 1387; x_wconf 92' lang='lat' dir='ltr'>dubio</span> 
     </span>
     <span class='ocr_line' id='line_1_22' title="bbox 215 1401 1431 1450; baseline 0.007 -11"><span class='ocrx_word' id='word_1_159' title='bbox 215 1414 376 1440; x_wconf 89' lang='lat' dir='ltr'>summa</span> <span class='ocrx_word' id='word_1_160' title='bbox 399 1404 458 1440; x_wconf 90' lang='lat' dir='ltr'>vis</span> <span class='ocrx_word' id='word_1_161' title='bbox 487 1401 651 1441; x_wconf 87' lang='lat' dir='ltr'>dicendi</span> <span class='ocrx_word' id='word_1_162' title='bbox 678 1403 931 1450; x_wconf 88' lang='lat' dir='ltr'>conceditur,</span> <span class='ocrx_word' id='word_1_163' title='bbox 955 1404 1256 1445; x_wconf 88' lang='lat' dir='ltr'>Atheniensem</span> <span class='ocrx_word' id='word_1_164' title='bbox 1277 1406 1431 1447; x_wconf 90' lang='lat' dir='ltr'>Demo-</span> 
     </span>
     <span class='ocr_line' id='line_1_23' title="bbox 215 1461 1430 1519; baseline 0.007 -20"><span class='ocrx_word' id='word_1_165' title='bbox 215 1461 422 1508; x_wconf 87' lang='lat' dir='ltr'>sthenem,</span> <span class='ocrx_word' id='word_1_166' title='bbox 447 1464 490 1500; x_wconf 91' lang='lat' dir='ltr'>in</span> <span class='ocrx_word' id='word_1_167' title='bbox 519 1476 600 1514; x_wconf 93' lang='lat' dir='ltr'>quo</span> <span class='ocrx_word' id='word_1_168' title='bbox 629 1468 795 1502; x_wconf 90' lang='lat' dir='ltr'>tantum</span> <span class='ocrx_word' id='word_1_169' title='bbox 823 1464 1007 1503; x_wconf 87' lang='lat' dir='ltr'>studium</span> <span class='ocrx_word' id='word_1_170' title='bbox 1035 1463 1175 1512; x_wconf 88' lang='lat' dir='ltr'>fuisse,</span> <span class='ocrx_word' id='word_1_171' title='bbox 1203 1471 1430 1519; x_wconf 81' lang='lat' dir='ltr'>tantusque</span> 
     </span>
     <span class='ocr_line' id='line_1_24' title="bbox 214 1521 1432 1575; baseline 0.006 -16"><span class='ocrx_word' id='word_1_172' title='bbox 214 1521 330 1560; x_wconf 87' lang='lat' dir='ltr'>labor</span> <span class='ocrx_word' id='word_1_173' title='bbox 355 1521 518 1568; x_wconf 88' lang='lat' dir='ltr'>dicitur,</span> <span class='ocrx_word' id='word_1_174' title='bbox 544 1527 593 1561; x_wconf 90' lang='lat' dir='ltr'>ut</span> <span class='ocrx_word' id='word_1_175' title='bbox 615 1525 795 1574; x_wconf 89' lang='lat' dir='ltr'>primum</span> <span class='ocrx_word' id='word_1_176' title='bbox 819 1524 1119 1575; x_wconf 87' lang='lat' dir='ltr'>impedimenta</span> <span class='ocrx_word' id='word_1_177' title='bbox 1143 1531 1317 1566; x_wconf 87' lang='lat' dir='ltr'>naturae</span> <span class='ocrx_word' id='word_1_178' title='bbox 1342 1527 1432 1566; x_wconf 91' lang='lat' dir='ltr'>dili-</span> 
     </span>
     <span class='ocr_line' id='line_1_25' title="bbox 214 1582 1431 1637; baseline 0.006 -18"><span class='ocrx_word' id='word_1_179' title='bbox 214 1584 359 1634; x_wconf 88' lang='lat' dir='ltr'>gentia</span> <span class='ocrx_word' id='word_1_180' title='bbox 391 1582 675 1634; x_wconf 91' lang='lat' dir='ltr'>industriaque</span> <span class='ocrx_word' id='word_1_181' title='bbox 709 1589 953 1635; x_wconf 85' lang='lat' dir='ltr'>superaret:</span> <span class='ocrx_word' id='word_1_182' title='bbox 991 1598 1167 1637; x_wconf 92' lang='lat' dir='ltr'>cumque</span> <span class='ocrx_word' id='word_1_183' title='bbox 1197 1588 1258 1625; x_wconf 88' lang='lat' dir='ltr'>ita</span> <span class='ocrx_word' id='word_1_184' title='bbox 1285 1586 1431 1626; x_wconf 86' lang='lat' dir='ltr'>balbus</span> 
     </span>
     <span class='ocr_line' id='line_1_26' title="bbox 215 1644 1432 1697; baseline 0.006 -18"><span class='ocrx_word' id='word_1_185' title='bbox 215 1647 340 1688; x_wconf 91' lang='lat' dir='ltr'>esset,</span> <span class='ocrx_word' id='word_1_186' title='bbox 366 1647 414 1680; x_wconf 94' lang='lat' dir='ltr'>ut</span> <span class='ocrx_word' id='word_1_187' title='bbox 443 1644 530 1681; x_wconf 88' lang='lat' dir='ltr'>eius</span> <span class='ocrx_word' id='word_1_188' title='bbox 554 1645 680 1694; x_wconf 90' lang='lat' dir='ltr'>ipsius</span> <span class='ocrx_word' id='word_1_189' title='bbox 707 1646 820 1690; x_wconf 90' lang='lat' dir='ltr'>artis,</span> <span class='ocrx_word' id='word_1_190' title='bbox 846 1646 911 1683; x_wconf 90' lang='lat' dir='ltr'>cui</span> <span class='ocrx_word' id='word_1_191' title='bbox 937 1644 1140 1691; x_wconf 89' lang='lat' dir='ltr'>studeret,</span> <span class='ocrx_word' id='word_1_192' title='bbox 1164 1648 1340 1697; x_wconf 88' lang='lat' dir='ltr'>primam</span> <span class='ocrx_word' id='word_1_193' title='bbox 1364 1646 1432 1686; x_wconf 92' lang='lat' dir='ltr'>lit-</span> 
     </span>
     <span class='ocr_line' id='line_1_27' title="bbox 214 1702 1430 1755; baseline 0.006 -16"><span class='ocrx_word' id='word_1_194' title='bbox 214 1707 349 1740; x_wconf 88' lang='lat' dir='ltr'>teram</span> <span class='ocrx_word' id='word_1_195' title='bbox 364 1715 447 1740; x_wconf 89' lang='lat' dir='ltr'>non</span> <span class='ocrx_word' id='word_1_196' title='bbox 461 1708 603 1754; x_wconf 88' lang='lat' dir='ltr'>posset</span> <span class='ocrx_word' id='word_1_197' title='bbox 618 1703 769 1750; x_wconf 89' lang='lat' dir='ltr'>dicere,</span> <span class='ocrx_word' id='word_1_198' title='bbox 783 1702 960 1755; x_wconf 90' lang='lat' dir='ltr'>perfecit</span> <span class='ocrx_word' id='word_1_199' title='bbox 974 1704 1230 1753; x_wconf 86' lang='lat' dir='ltr'>meditando,</span> <span class='ocrx_word' id='word_1_200' title='bbox 1245 1711 1293 1746; x_wconf 91' lang='lat' dir='ltr'>ut</span> <span class='ocrx_word' id='word_1_201' title='bbox 1307 1719 1430 1747; x_wconf 89' lang='lat' dir='ltr'>nemo</span> 
     </span>
    </p>
   </div>
   <div class='ocr_carea' id='block_1_3' title="bbox 215 1821 1428 1913">
    <p class='ocr_par' dir='ltr' id='par_1_5' title="bbox 215 1821 1428 1913">
     <span class='ocr_line' id='line_1_28' title="bbox 260 1821 1428 1870; baseline 0.005 -15"><span class='ocrx_word' id='word_1_202' title='bbox 260 1826 276 1842; x_wconf 80' lang='lat'><strong>⁰</strong></span> <span class='ocrx_word' id='word_1_203' title='bbox 299 1821 369 1855; x_wconf 86' lang='lat' dir='ltr'>For</span> <span class='ocrx_word' id='word_1_204' title='bbox 393 1822 453 1857; x_wconf 84' lang='lat' dir='ltr'>the</span> <span class='ocrx_word' id='word_1_205' title='bbox 477 1826 578 1866; x_wconf 85' lang='lat' dir='ltr'>great</span> <span class='ocrx_word' id='word_1_206' title='bbox 601 1823 750 1857; x_wconf 81' lang='lat' dir='ltr'>orator&#39;s</span> <span class='ocrx_word' id='word_1_207' title='bbox 774 1835 873 1867; x_wconf 84' lang='lat' dir='ltr'>ways</span> <span class='ocrx_word' id='word_1_208' title='bbox 898 1824 939 1858; x_wconf 89' lang='lat' dir='ltr'>of</span> <span class='ocrx_word' id='word_1_209' title='bbox 961 1827 1183 1870; x_wconf 80' lang='lat' dir='ltr'>conquering</span> <span class='ocrx_word' id='word_1_210' title='bbox 1205 1826 1261 1861; x_wconf 83' lang='lat' dir='ltr'>his</span> <span class='ocrx_word' id='word_1_211' title='bbox 1287 1825 1428 1861; x_wconf 78' lang='lat' dir='ltr'>natural</span> 
     </span>
     <span class='ocr_line' id='line_1_29' title="bbox 215 1865 1426 1913; baseline 0.006 -15"><span class='ocrx_word' id='word_1_212' title='bbox 215 1865 370 1899; x_wconf 81' lang='lat' dir='ltr'>handica</span> <span class='ocrx_word' id='word_1_213' title='bbox 397 1876 413 1899; x_wconf 91' lang='lat' dir='ltr'>s</span> <span class='ocrx_word' id='word_1_214' title='bbox 440 1876 498 1900; x_wconf 89' lang='lat' dir='ltr'>see</span> <span class='ocrx_word' id='word_1_215' title='bbox 524 1866 723 1901; x_wconf 87' lang='lat' dir='ltr'>Schaefer&#39;s</span> <span class='ocrx_word' id='word_1_216' title='bbox 748 1867 1006 1910; x_wconf 69' lang='lat' dir='ltr'>Demosthenes,</span> <span class='ocrx_word' id='word_1_217' title='bbox 1028 1869 1098 1903; x_wconf 90' lang='lat' dir='ltr'>vol.</span> <span class='ocrx_word' id='word_1_218' title='bbox 1123 1871 1146 1904; x_wconf 91' lang='lat' dir='ltr'>i.</span> <span class='ocrx_word' id='word_1_219' title='bbox 1169 1880 1194 1913; x_wconf 91' lang='lat' dir='ltr'>p</span> <span class='ocrx_word' id='word_1_220' title='bbox 1254 1871 1426 1909; x_wconf 76' lang='lat'>299-801;</span> 
     </span>
    </p>
   </div>
   <div class='ocr_carea' id='block_1_4' title="bbox 216 1895 1427 2033">
    <p class='ocr_par' dir='ltr' id='par_1_6' title="bbox 216 1895 1427 2033">
     <span class='ocr_line' id='line_1_30' title="bbox 217 1895 1427 1957; baseline 0.005 -15"><span class='ocrx_word' id='word_1_221' title='bbox 217 1908 351 1949; x_wconf 74' lang='lat' dir='ltr'>cicero,</span> <span class='ocrx_word' id='word_1_222' title='bbox 403 1920 420 1942; x_wconf 68' lang='grc' dir='ltr'><strong><em>ε</em></strong></span> <span class='ocrx_word' id='word_1_223' title='bbox 444 1910 596 1943; x_wconf 64' lang='lat' dir='ltr'>Finibus</span> <span class='ocrx_word' id='word_1_224' title='bbox 619 1922 652 1945; x_wconf 87' lang='lat' dir='ltr'>v.</span> <span class='ocrx_word' id='word_1_225' title='bbox 672 1913 705 1945; x_wconf 77' lang='lat'>2.</span> <span class='ocrx_word' id='word_1_226' title='bbox 722 1913 764 1950; x_wconf 62' lang='grc' dir='ltr'>ες</span> <span class='ocrx_word' id='word_1_227' title='bbox 790 1911 989 1947; x_wconf 82' lang='lat' dir='ltr'>Plutarch&#39;s</span> <span class='ocrx_word' id='word_1_228' title='bbox 1012 1912 1095 1956; x_wconf 67' lang='lat' dir='ltr'>Life</span> <span class='ocrx_word' id='word_1_229' title='bbox 1118 1912 1163 1957; x_wconf 83' lang='lat' dir='ltr'>os</span> <span class='ocrx_word' id='word_1_230' title='bbox 1219 1895 1427 1949; x_wconf 63' lang='lat' dir='ltr'>{mecm</span> 
     </span>
     <span class='ocr_line' id='line_1_31' title="bbox 216 1952 848 2033; baseline 0.006 -47"><span class='ocrx_word' id='word_1_231' title='bbox 216 1952 675 2033; x_wconf 44' lang='lat' dir='ltr'>(astllzlleanr‘ilcssumtssian</span> <span class='ocrx_word' id='word_1_232' title='bbox 690 1965 725 1990; x_wconf 85' lang='lat' dir='ltr'>x.</span> <span class='ocrx_word' id='word_1_233' title='bbox 741 1956 774 1989; x_wconf 88' lang='grc'>3.</span> <span class='ocrx_word' id='word_1_234' title='bbox 792 1957 848 1990; x_wconf 85' lang='grc'>30.</span> 
     </span>
    </p>
   </div>
   <div class='ocr_carea' id='block_1_5' title="bbox 220 2060 294 2102">
    <p class='ocr_par' dir='ltr' id='par_1_7' title="bbox 220 2060 294 2102">
     <span class='ocr_line' id='line_1_32' title="bbox 220 2060 294 2102; baseline 0.014 -7"><span class='ocrx_word' id='word_1_235' title='bbox 220 2060 294 2102; x_wconf 90' lang='grc'>190</span> 
     </span>
    </p>
   </div>
  </div>
 </body>
</html>
