1560 2294
769 103 973 144 CICERO

266 212 428 246 scentes
452 208 547 254 duo,
570 208 694 247 Drusi
721 211 901 247 maxime
929 207 1165 255 familiares,
1187 214 1232 248 et
1255 211 1298 248 in
1326 209 1474 261 quibus

265 291 459 330 magnam
496 285 586 318 tum
622 293 739 331 spem
774 282 949 319 maiores
986 285 1089 319 natu
1125 280 1339 332 dignitatis
1375 292 1474 319 suae

264 349 525 396 collocarant,
561 350 606 388 C.
647 350 786 397 Cotta,
821 353 890 402 qui
925 356 1016 389 tum
1051 351 1309 390 tribunatum
1342 350 1474 403 plebis

264 421 451 471 petebat,
473 426 517 459 et
538 420 582 459 P.
605 420 818 472 Sulpicius,
839 424 910 474 qui
930 421 1124 473 deinceps
1145 435 1241 460 eum
1259 424 1475 474 magistra-

202 488 244 520 26
264 496 353 530 tum
373 494 579 543 petiturus
599 493 837 544 putabatur.
893 493 948 531 Hi
968 496 1100 544 primo
1120 493 1187 532 die
1207 492 1260 532 de
1280 495 1475 545 tempori-

264 562 339 600 bus
361 563 452 608 illis,
474 563 610 615 deque
632 566 822 602 universa
842 564 1065 616 republica,
1087 577 1212 616 quam
1234 564 1288 603 ob
1309 577 1474 602 causam

265 639 477 680 venerant,
519 634 696 673 multum
736 637 846 674 inter
886 648 930 673 se
972 648 1103 687 usque
1145 635 1199 674 ad
1240 640 1473 674 extremum

264 709 429 756 tempus
449 705 531 744 diei
550 705 738 745 collocuti
761 711 869 744 sunt.
926 705 1018 754 Quo
1038 706 1206 758 quidem
1224 708 1268 744 in
1286 719 1473 745 sermone

265 775 396 814 multa
436 776 630 815 divinitus
672 790 696 815 a
742 778 873 816 tribus
914 777 990 815 illis
1031 777 1308 816 consularibus
1349 776 1475 816 Cotta

265 846 480 898 deplorata
511 852 556 886 et
586 853 908 886 commemorata
938 848 1161 894 narrabat3
1206 853 1255 887 ut
1284 847 1384 886 nihil
1413 851 1474 886 in-

264 918 431 956 cidisset
450 924 596 970 postea
616 921 774 957 civitati
793 918 904 965 mali,
925 918 1036 971 quod
1056 932 1138 958 non
1158 918 1397 971 impendere
1417 918 1473 957 illi

203 988 244 1020 27
265 994 383 1027 tanto
408 995 506 1028 ante
530 989 756 1036 vidissent3
795 1003 845 1028 eo
869 995 1011 1028 autem
1034 993 1145 1029 omni
1169 1003 1357 1029 sermone
1380 1003 1474 1029 con-

263 1059 388 1106 fecto,
408 1065 570 1099 tantam
589 1063 632 1098 in
652 1060 796 1099 Crasso
819 1060 1122 1100 humanitatem
1140 1059 1281 1108 fuisse,
1300 1067 1362 1108 ut,
1380 1074 1474 1100 cum

264 1130 366 1169 lauti
400 1132 699 1178 accubuissent,
736 1131 951 1171 tolleretur
986 1134 1117 1171 omnis
1153 1131 1223 1171 illa
1257 1135 1474 1184 superioris

265 1204 434 1240 tristitia
449 1205 645 1241 sermonis
665 1215 675 1249 ;
707 1216 839 1255 eaque
862 1208 972 1241 esset
990 1205 1033 1241 in
1048 1202 1213 1242 homine
1229 1203 1475 1250 iucunditas,

267 1278 311 1311 et
334 1278 476 1311 tantus
502 1275 544 1311 in
567 1273 739 1312 iocando
763 1273 891 1325 lepos,
916 1279 964 1312 ut
989 1273 1076 1313 dies
1099 1277 1210 1313 inter
1233 1287 1303 1313 eos
1327 1273 1474 1313 Curiae

266 1342 391 1382 fuisse
410 1344 632 1390 videretur,
651 1347 879 1383 convivium
897 1344 1127 1384 Tusculani.

204 1419 248 1452 28
319 1414 488 1453 Postero
523 1420 664 1454 autem
702 1415 783 1462 die,
812 1429 905 1454 cum
942 1415 999 1454 illi
1027 1418 1201 1455 maiores
1237 1421 1340 1455 natu
1376 1418 1476 1455 satis

267 1489 492 1538 quiessent,
507 1491 552 1525 et
564 1488 607 1524 in
622 1486 944 1525 ambulationem
958 1492 1129 1526 ventum
1143 1492 1254 1526 esset
1272 1500 1282 1526 t
1310 1486 1477 1526 dicebat

267 1563 357 1596 tum
372 1556 623 1603 Scaevolam,
635 1557 795 1596 duobus
807 1560 949 1609 spatiis
961 1558 1144 1596 tribusve
1158 1556 1293 1603 factis,
1304 1557 1474 1597 dixisse:

266 1628 349 1667 Cur
377 1642 459 1667 non
487 1630 712 1674 imitamur,
738 1627 898 1675 Crasse,
921 1627 1132 1667 Socratem
1160 1628 1289 1675 illum,
1311 1631 1383 1682 qui
1411 1635 1476 1668 est

266 1702 308 1738 in
336 1698 524 1738 Phaedro
552 1698 768 1738 Platonis?
824 1699 930 1737 Nam
958 1712 1026 1738 me
1054 1698 1156 1738 haec
1184 1705 1258 1738 tua
1283 1699 1475 1751 platanus

267 1770 494 1815 admonuit,
511 1783 618 1821 quae
634 1783 716 1808 non
730 1772 863 1808 minus
880 1769 933 1808 ad
948 1770 1205 1821 opacandum
1220 1769 1328 1809 hunc
1342 1770 1476 1809 locum

268 1840 418 1892 patulis
449 1846 512 1878 est
543 1840 688 1878 diffusa
715 1843 852 1886 ramis,
881 1854 1005 1892 quam
1037 1840 1120 1887 illa,
1149 1843 1261 1879 cuius
1290 1841 1476 1880 umbram

268 1917 433 1950 secutus
467 1917 531 1949 est
563 1910 765 1957 Socrates,
799 1925 905 1963 quae
942 1911 1041 1949 mihi
1078 1911 1240 1950 videtur
1276 1925 1357 1950 non
1389 1917 1476 1950 tam

628 2010 643 2026 ⁰
666 2007 854 2040 Phaedrus
871 2009 937 2040 229
947 2017 989 2065 e,
1006 2009 1074 2040 230
1089 2017 1122 2040 Β.

270 2064 320 2098 20
