1560 2294
733 89 938 130 CICERO

229 190 366 230 studio
391 194 502 230 omni
529 193 770 232 enitendum
795 197 971 246 putavit.
1026 195 1088 234 Ae
1113 199 1244 248 primo
1270 197 1438 250 quidem

229 256 356 292 totius
378 256 546 293 rationis
568 258 713 307 ignari,
736 259 805 308 qui
827 270 962 309 neque
987 262 1290 299 exercitationis
1313 260 1436 299 ullam

230 318 350 362 viam,
377 330 512 369 neque
540 318 704 370 aliquod
729 326 998 371 praeceptum
1025 324 1123 360 artis
1150 335 1239 361 esse
1266 323 1437 362 arbitra-

227 384 385 425 rentur,
426 385 605 427 tantum,
647 387 849 433 quantum
890 385 1055 435 ingenio
1099 390 1143 423 et
1184 388 1435 438 cogitatione

227 447 436 492 poterant,
489 444 858 495 consequebantur.
932 445 1031 484 Post
1084 452 1238 495 autem,
1285 448 1435 488 auditis

228 505 455 543 oratoribus
490 505 670 553 Graecis,
704 510 961 560 cognitisque
995 522 1136 548 eorum
1168 509 1332 558 litteris,
1365 511 1435 550 ad-

227 565 449 619 hibitisque
500 567 748 616 doctoribus,
798 571 1025 610 incredibili
1076 572 1263 624 quodam·
1305 577 1433 613 nostri

167 630 208 662 15
227 628 411 668 homines
434 630 595 670 dicendi
617 632 754 670 studio
776 631 1065 685 flagraverunt.
1119 635 1343 675 Excitabat
1365 649 1434 676 eos

226 693 468 744 magnitudo
490 699 534 732 et
553 697 743 742 varietas,
763 695 1068 749 multitudoque
1088 700 1131 735 in
1150 702 1261 737 omni
1280 712 1434 752 genere

227 768 455 803 causarum,
479 762 527 795 ut
552 757 605 795 ad
630 770 722 796 eam
747 758 988 806 doctrinam,
1013 773 1138 812 quam
1162 774 1236 800 suo
1260 764 1433 815 quisque

227 818 364 857 studio
391 825 601 858 assecutus
629 826 753 867 esset,
781 821 1075 875 adiungeretur
1103 837 1198 862 usus
1224 823 1433 877 frequens,

228 884 298 933 qui
310 884 491 920 omnium
503 886 792 935 magistrorum
803 891 1026 937 praecepta
1038 893 1263 938 superaret.
1302 888 1434 928 Erant

228 950 369 983 autem
390 944 484 984 huic
505 946 642 984 studio
662 950 856 994 maxima,
879 961 986 1000 quae
1007 962 1116 988 nunc
1137 963 1301 1002 quoque
1322 957 1433 998 sunt,

227 1010 415 1058 exposita
441 1012 638 1059 praemia,
666 1009 731 1048 vel
758 1010 812 1049 ad
837 1014 1028 1063 gratiam,
1056 1012 1121 1051 vel
1148 1013 1201 1051 ad
1227 1026 1341 1065 opes,
1367 1014 1434 1053 vel

226 1069 280 1108 ad
296 1070 555 1122 dignitatem.
613 1072 786 1125 Ingenia
802 1086 898 1112 vero
916 1074 981 1126 (ut
997 1075 1136 1113 multis
1153 1076 1276 1115 rebus
1292 1090 1432 1128 possu-

224 1146 314 1171 mus
347 1133 543 1187 iudicare)
569 1140 801 1174 nostrorum
832 1135 1043 1176 hominum
1075 1138 1252 1178 multum
1284 1142 1431 1179 ceteris

166 1195 207 1228 16
224 1194 455 1235 hominibus
483 1200 665 1236 omnium
692 1201 880 1251 gentium
906 1203 1217 1252 praestiterunt.
1273 1201 1431 1250 Quibus

225 1258 277 1297 de
303 1261 447 1306 causis,
473 1262 562 1312 quis
588 1274 670 1299 non
694 1263 782 1300 iure
810 1265 995 1309 miretur,
1022 1277 1074 1302 ex
1099 1267 1210 1303 omni
1234 1268 1431 1304 memoria

224 1326 425 1368 aetatum,
447 1328 695 1374 temporum,
717 1327 946 1372 civitatum,
967 1331 1056 1364 tam
1079 1329 1276 1379 exiguum
1297 1333 1430 1367 orato-

222 1397 313 1422 rum
331 1398 548 1424 numerum
566 1388 737 1425 inveniri
755 1387 770 1426 ?

274 1446 356 1485 Sed
385 1450 575 1486 nimirum
604 1451 735 1488 maius
765 1455 830 1489 est
862 1449 940 1489 hoc
969 1451 1178 1503 quiddam,
1207 1466 1332 1504 quam
1359 1452 1431 1493 ho-

220 1512 350 1548 mines
381 1513 615 1561 opinantur,
646 1517 690 1551 et
719 1511 903 1564 pluribus
935 1527 986 1552 ex
1017 1515 1173 1553 artibus
1203 1515 1430 1568 studiisque

220 1571 448 1611 collectum.

273 1634 321 1673 V.
352 1634 453 1683 Quis
478 1638 588 1675 enim
611 1636 735 1683 aliud,
758 1639 801 1675 in
822 1640 1003 1676 maxima
1025 1639 1271 1678 discentium
1292 1640 1429 1680 multi-

221 1697 379 1744 tudine,
407 1711 567 1737 summa
594 1702 883 1752 magistrorum
911 1703 1041 1752 copia,
1067 1705 1427 1753 praestantissimis

220 1758 430 1798 hominum
456 1764 646 1813 ingeniis,
674 1762 834 1801 infinita
860 1776 1074 1802 causarum
1101 1767 1316 1812 varietate,
1342 1779 1427 1805 am-

218 1821 405 1873 plissimis
426 1823 687 1875 eloquentiae
707 1828 924 1877 propositis
943 1829 1149 1877 praemiis,
1170 1840 1259 1866 esse
1279 1841 1426 1868 causae

219 1890 355 1935 putet,
375 1888 450 1923 nisi
469 1889 528 1924 rei
547 1887 769 1938 quamdam
787 1888 1066 1927 incredibilem
1084 1889 1426 1942 magnitudinem,

156 1953 197 1987 17
218 1960 265 1985 ac
289 1947 572 1987 difficultatem
591 1949 607 1988 ?
661 1949 737 1988 Est
763 1953 871 1989 enim
897 1956 942 1989 et
965 1954 1137 1990 scientia
1161 1952 1426 2005 comprehen-

217 2051 266 2087 12
