1560 2294
749 107 952 147 CICERO

245 211 603 262 praecurrentibus
638 217 682 250 et
714 212 1056 264 repugnantibus,
1084 217 1132 251 ut
1162 211 1258 251 olim
1287 210 1454 250 Crassus

247 272 512 312 adolescens:
562 273 571 287 ‘
587 287 671 312 non
709 275 742 312 si
781 273 992 326 Opimium
1031 273 1269 319 defendisti,
1307 273 1455 321 Carbo,

246 335 395 375 idcirco
428 341 474 375 te
505 338 574 375 isti
606 337 762 375 bonum
795 339 926 376 civem
959 337 1197 389 putabunt3
1244 336 1456 376 simulasse

247 403 292 436 te
330 403 375 437 et
412 398 523 438 aliud
560 399 658 451 quid
694 402 902 451 quaesisse
940 402 1202 451 perspicuum
1237 404 1316 446 est,
1346 398 1457 452 quod

247 460 307 499 Ti.
328 460 501 500 Gracchi
523 467 701 501 mortem
725 475 850 514 saepe
872 465 915 501 in
939 462 1196 501 contionibus
1220 461 1456 514 deplorasti,

248 523 358 575 quod
378 523 423 562 P.
445 523 628 563 Africani
647 527 758 563 necis
779 527 909 564 socius
929 524 1058 571 fuisti,
1079 524 1190 577 quod
1210 538 1300 563 eam
1320 524 1458 578 legem

248 589 289 623 in
314 587 528 626 tribunatu
547 587 693 633 tulisti,
714 587 826 639 quod
850 601 1013 639 semper
1038 601 1063 625 a
1086 588 1203 626 bonis
1224 585 1457 626 dissedisti.'

166 653 226 686 171
249 649 312 687 Ex
350 652 481 688 causis
509 655 650 689 autem
683 663 820 689 rerum
847 653 931 689 sic:
974 649 982 664 ‘
1003 652 1216 689 avaritiam
1243 652 1275 688 si
1313 649 1458 689 tollere

251 711 385 758 vultis,
418 718 553 751 mater
587 715 673 751 eius
708 718 772 751 est
809 712 1006 759 tollenda,
1039 711 1248 751 luxuries.’
1302 712 1367 751 Ex
1400 714 1458 751 eis

249 779 404 820 autem,
428 789 534 826 quae
558 781 654 814 sunt
680 781 771 814 orta
797 775 849 814 de
872 778 1003 814 causis
1022 788 1031 814 z
1070 773 1079 789 ⁸
1097 777 1131 813 si
1160 777 1305 813 aerarii
1333 777 1458 826 copiis

250 842 294 875 et
313 837 367 875 ad
385 837 482 875 belli
503 838 743 876 adiumenta
763 844 808 877 et
827 838 880 877 ad
898 843 1141 876 ornamenta
1160 839 1271 889 pacis
1291 839 1459 884 utimur,

166 902 229 935 172
251 900 517 952 vectigalibus
546 899 798 939 serviamus.’
869 900 1030 939 Maiora
1059 906 1198 939 autem
1230 905 1275 938 et
1302 901 1460 938 minora

247 967 292 1000 et
322 965 437 1013 paria
465 964 792 1014 comparabimus
821 965 901 1002 sic:
950 975 1003 1001 ex
1030 965 1213 1001 maiore:
1261 961 1270 975 ‘
1289 963 1323 1000 si
1350 962 1459 1001 bona

248 1026 499 1064 existimatio
533 1025 685 1064 divitiis
724 1030 910 1076 praestat
949 1030 994 1063 et
1031 1027 1206 1076 pecunia
1239 1029 1458 1075 tantopere

248 1090 473 1137 expetitur,
493 1093 649 1140 quanto
669 1087 798 1139 gloria
816 1090 947 1139 magis
968 1092 1032 1126 est
1051 1086 1288 1138 expetenda
1305 1086 1321 1125 Ρ
1340 1085 1350 1100 ’
1405 1099 1458 1124 ex

246 1162 403 1188 mmore
422 1163 431 1188 :

613 1215 684 1248 Hic
699 1225 831 1257 parvae
848 1213 1117 1248 consuetudinis

386 1258 506 1292 Causa
523 1258 629 1292 huius
647 1261 798 1292 mortem
815 1261 891 1292 tam
907 1259 977 1291 fert
992 1257 1214 1291 familiariter
1228 1271 1237 1291 ε

384 1302 484 1344 Quid
501 1303 531 1336 si
548 1303 624 1345 ipse
640 1305 796 1336 amasset
810 1305 825 1335 Ρ
849 1301 937 1345 quid
955 1302 1013 1335 hic
1030 1301 1118 1335 mihi
1134 1302 1242 1334 faciet
1257 1301 1380 1344 patri?

247 1402 300 1427 ex
333 1391 450 1441 pari:
523 1388 599 1426 ‘est
633 1387 818 1426 eiusdem
849 1393 894 1426 et
928 1389 1086 1439 eripere
1116 1392 1161 1426 et
1196 1391 1339 1426 contra
1370 1400 1457 1425 rem

248 1451 453 1503 publicam
472 1451 609 1503 largiri
628 1449 850 1502 pecunias.’

166 1518 229 1551 173
301 1514 414 1553 Foris
440 1519 582 1552 autem
608 1518 872 1551 assumuntur
897 1525 961 1558 ea,
981 1525 1088 1564 quae
1108 1524 1191 1550 non
1215 1524 1290 1550 sua
1314 1513 1367 1557 vi,
1386 1510 1460 1550 sed

250 1582 449 1615 extranea
486 1575 766 1621 sublevantur,
795 1579 843 1613 ut
880 1574 1010 1613 haec:
1055 1573 1063 1587 ‘
1082 1573 1160 1613 hoc
1187 1586 1329 1612 verum
1367 1578 1460 1620 est;

249 1640 354 1678 dixit
378 1642 488 1677 enim
517 1637 568 1686 Q.
599 1637 820 1676 Lutatius.'
875 1636 883 1651 ‘
900 1637 990 1675 Hoc
1012 1635 1161 1675 falsum
1186 1642 1278 1682 est;
1316 1635 1459 1674 habita

250 1705 359 1740 enim
388 1703 576 1753 quaestio
601 1699 693 1739 est.'
748 1699 756 1713 ‘
773 1700 863 1738 Hoc
886 1701 1002 1751 sequi
1022 1711 1190 1737 necesse
1211 1703 1304 1744 est;
1330 1701 1458 1737 recito

293 1842 311 1858 ⁸
334 1837 373 1871 P.
403 1837 588 1871 Cornelius
620 1836 742 1879 Scipio
776 1835 969 1869 Africanus
1006 1834 1140 1874 Minor,
1172 1834 1254 1868 who
1284 1833 1459 1877 captured

249 1881 430 1925 Carthage
452 1883 514 1914 146
537 1890 617 1919 ae„
634 1879 718 1914 died
740 1881 776 1912 in
800 1881 874 1918 1529,
891 1879 1071 1955 probably
1086 1879 1180 1911 from
1200 1889 1223 1911 a
1241 1877 1375 1918 stroke,
1391 1878 1459 1912 but

250 1926 312 1959 the
329 1924 537 1958 Gracchans
554 1934 645 1957 were
662 1922 851 1966 suspected
867 1934 888 1956 o
921 1923 1190 1956 assassination.

297 1969 310 1990 ⁶
333 1967 561 2012 Apparently
577 1966 771 2010 extending
785 1966 847 2000 the
862 1977 925 2000 use
941 1967 983 2000 of
994 1966 1055 2000 the
1071 1965 1195 2000 ballot.

298 2017 310 2032 ⁶
334 2013 441 2046 From
455 2011 622 2051 Terence,
638 2011 787 2046 Andria
807 2012 966 2044 llo-112.

251 2069 327 2104 320
