1560 2294
744 100 949 141 CICERO

242 216 349 255 quae
374 203 595 256 generibus
616 207 688 251 eis,
705 217 756 243 ex
777 205 924 256 quibus
944 212 1153 253 emanant,
1169 207 1450 255 subiciuntur3

241 271 475 321 omniaque,
488 282 595 321 quae
608 275 705 308 sunt
717 270 782 308 vel
794 284 994 323 generum
1007 271 1072 310 vel
1083 275 1264 324 partium
1271 276 1450 320 nomina,

241 334 561 381 definitionibus,
580 348 705 387 quam
723 338 805 374 vim
823 335 1020 383 habeant,
1040 343 1104 376 est
1123 339 1448 390 exprimendum.

242 400 317 439 Est
344 402 453 439 enim
475 400 674 447 definitio,
698 414 839 440 earum
860 415 1012 449 rerum,
1035 416 1141 455 quae
1164 409 1261 443 sunt
1283 406 1369 443 eius
1390 407 1450 444 rei

240 468 443 517 propriae,
471 479 596 518 quam
624 466 795 505 definire
823 467 1022 514 volumus,
1050 469 1183 508 brevis
1211 475 1256 508 et
1282 472 1451 509 circum-

241 534 392 583 scripta
411 531 616 583 quaedam
635 532 869 583 explicatio.

158 609 223 643 190
293 597 416 635 Hisce
440 610 538 649 ergo
563 598 686 636 rebus
709 598 900 650 exempla
922 599 1204 652 adiungerem,
1226 603 1317 648 nisi,
1340 602 1450 653 apud

241 676 342 714 quos
378 662 480 701 haec
515 662 693 702 habetur
728 666 873 710 oratio,
909 678 1120 704 cernerem
1140 679 1149 705 :
1199 680 1307 706 nunc
1342 680 1450 706 com-

239 728 397 780 plectar
410 728 522 780 quod
533 731 740 780 proposui,
753 729 880 769 brevi.
935 729 977 769 Si
991 733 1101 770 enim
1114 737 1188 771 aut
1200 731 1300 770 mihi
1313 731 1450 772 facere

239 794 414 840 licuerit,
433 794 545 846 quod
567 794 722 833 iamdiu
740 798 891 847 cogito,
912 802 985 835 aut
1005 796 1106 835 alius
1126 800 1342 849 quispiam,
1363 804 1449 845 aut,

239 873 306 898 me
344 859 558 912 impedito,
597 863 820 912 occuparit,
858 867 931 900 aut
967 867 1130 901 mortuo
1169 862 1364 910 effecerit,
1401 870 1450 904 ut

239 927 417 978 primum
436 939 558 965 omne
581 927 643 964 ius
663 926 779 965 civile
799 929 842 965 in
861 940 1016 980 genera
1035 928 1211 981 digerat,
1232 942 1338 981 quae
1357 943 1449 982 per-

238 1004 370 1043 pauca
391 997 488 1030 sunt
505 1004 516 1038 余
551 991 702 1031 deinde
725 1005 866 1031 eorum
886 1006 1086 1046 generum
1107 997 1223 1046 quasi
1244 995 1449 1047 quaedam

238 1057 425 1096 membra
465 1057 683 1109 dispertiat
700 1070 711 1104 余
756 1064 847 1097 tum
889 1062 1096 1111 propriam
1133 1062 1329 1113 cuiusque
1367 1064 1448 1101 vim

239 1122 478 1161 definitione
513 1123 723 1169 declaret余
776 1123 1006 1175 perfectam
1037 1131 1170 1164 artem
1199 1128 1294 1165 iuris
1323 1127 1447 1166 civilis

237 1187 458 1235 habebitis,
479 1191 610 1241 magis
639 1203 834 1241 magnam
855 1195 982 1242 atque
1011 1191 1196 1238 uberem,
1218 1205 1343 1244 quam
1371 1192 1448 1232 dif-

157 1274 217 1308 191
239 1254 386 1293 ficilem
402 1259 529 1306 atque
549 1255 776 1294 obscuram.
832 1255 973 1308 Atque
993 1259 1154 1295 interea
1173 1263 1328 1305 tamen,
1348 1258 1447 1299 dum

237 1319 354 1366 haec,
378 1333 485 1372 quae
508 1320 692 1372 dispersa
715 1326 825 1367 sunt,
849 1327 1065 1374 coguntur,
1089 1323 1154 1362 vel
1175 1327 1327 1375 passim
1350 1324 1447 1364 licet

237 1391 492 1437 carpentem,
509 1391 553 1425 et
571 1386 835 1439 colligentem
851 1388 1047 1440 undique,
1062 1389 1212 1440 repleri
1226 1392 1335 1429 iusta
1350 1393 1446 1430 iuris

237 1451 361 1490 civilis
381 1454 564 1490 scientia.

288 1517 445 1555 XLIII.
476 1517 622 1556 Nonne
668 1518 829 1564 videtis,
869 1522 1052 1571 equitem
1098 1519 1341 1568 Romanum,
1374 1521 1445 1562 ho-

236 1585 390 1621 minem
434 1585 667 1622 acutissimo
712 1586 893 1622 omnium
937 1587 1116 1637 ingenio,
1160 1586 1234 1625 sed
1276 1590 1444 1627 minime

236 1651 384 1687 ceteris
411 1649 566 1687 artibus
594 1649 815 1696 eruditum,
834 1649 879 1688 C.
900 1650 1167 1698 Aculeonem,
1186 1655 1256 1704 qui
1282 1667 1443 1693 mecum

235 1716 349 1760 vivit,
378 1728 623 1766 semperque
658 1717 773 1761 vixit,
802 1717 861 1754 ita
891 1722 1034 1755 tenere
1064 1719 1125 1755 ius
1155 1718 1284 1764 civile,
1314 1724 1362 1758 ut
1391 1722 1443 1766 ei,

236 1793 328 1817 curn
349 1780 401 1818 ab
421 1779 497 1818 hoc
517 1780 796 1827 discesseritis,
817 1795 938 1820 nemo
958 1781 1010 1820 de
1032 1785 1104 1828 eis,
1119 1786 1189 1834 qui
1208 1786 1441 1835 peritissimi

155 1866 216 1900 192
235 1850 344 1891 sunt,
375 1846 685 1896 anteponatur?
740 1846 889 1885 Omnia
919 1850 1027 1885 enim
1057 1854 1153 1886 sunt
1180 1851 1315 1900 posita
1343 1856 1441 1889 ante

233 1910 383 1957 oculos,
411 1911 607 1950 collocata
634 1914 676 1950 in
704 1925 779 1950 usu
807 1913 1060 1964 quotidiano,
1087 1915 1129 1951 in
1156 1918 1440 1967 congressione

233 1975 442 2014 hominum
462 1983 587 2029 atque
607 1979 647 2015 in
666 1976 753 2016 foro
772 1990 781 2024 余
815 1991 950 2031 neque
968 1981 1027 2017 ita
1045 1978 1183 2019 multis
1202 1979 1349 2019 litteris
1367 1987 1441 2021 aut

234 2060 308 2096 132
