1560 2294
752 113 956 153 CICERO

248 224 600 271 argumentorum,
626 220 668 256 in
699 231 781 270 qua
810 223 858 256 tu
883 217 982 256 mihi
1009 231 1172 270 semper
1201 218 1303 258 deus
1329 219 1456 259 videri

247 279 397 320 soles.”

164 351 229 385 180
301 342 406 382 Vide
449 357 573 395 quam
615 345 706 388 sim,
747 344 897 394 inquit,
936 342 1038 382 deus
1079 345 1122 381 in
1165 345 1245 382 isto
1286 357 1454 396 genere,

247 405 415 444 Catule:
450 419 532 444 non
550 404 715 444 hercule
735 404 850 451 mihi,
869 407 944 443 nisi
968 405 1193 451 admonito,
1213 409 1392 445 venisset
1409 409 1451 445 in

245 474 456 514 mentem3
493 473 541 507 ut
566 470 694 520 possis
721 469 956 506 existimare
981 481 1049 506 me
1077 470 1120 506 in
1146 481 1210 514 ea,
1234 471 1277 506 in
1305 469 1452 520 quibus

245 543 539 583 nonnunquam
558 529 712 582 aliquid
729 530 888 568 efficere
907 530 1060 576 videor,
1078 543 1154 568 usu
1173 530 1302 569 solere
1327 533 1371 569 in
1391 531 1453 570 di-

245 593 390 639 cendo,
422 593 487 632 vel
523 606 619 631 casu
656 595 792 644 potius
823 595 1041 631 incurrere.
1096 593 1158 631 Ac
1188 606 1253 632 res
1285 593 1452 646 quidem

245 657 339 701 ista,
354 669 478 707 quam
494 668 586 707 ego,
601 657 698 706 quia
712 668 794 693 non
808 668 965 701 noram,
980 657 1037 693 sic
1051 661 1250 707 tanquam
1264 657 1452 708 ignotum

246 717 454 756 hominem
477 718 768 769 praeteribam,
787 723 953 756 tantum
971 723 1112 769 potest
1134 720 1177 756 in
1199 718 1386 765 dicendo,
1405 723 1454 757 ut

164 788 225 823 181
246 780 299 818 ad
330 781 575 819 vincendum
608 780 720 818 nulla
751 779 842 832 plus
875 783 1024 832 possit3
1071 780 1146 819 sed
1177 786 1321 819 tamen
1353 780 1452 820 mihi

245 843 392 881 videris
426 848 525 881 ante
555 848 720 894 tempus
753 855 778 881 a
802 856 870 881 me
898 845 1102 881 rationem
1127 843 1278 882 ordinis
1304 848 1349 882 et
1373 843 1453 883 dis-

243 906 527 957 ponendarum
549 918 687 944 rerum
709 907 939 956 requisisse.
999 905 1106 944 Nam
1130 908 1163 944 si
1187 919 1265 957 ego
1288 919 1452 945 omnem

244 970 325 1006 vim
348 970 519 1006 oratoris
537 970 580 1005 in
600 970 853 1020 argumentis
875 972 920 1006 et
939 969 982 1005 in
1002 981 1046 1006 re
1073 971 1162 1019 ipsa
1186 981 1262 1020 per
1281 981 1325 1007 se
1345 981 1453 1007 com-

242 1030 456 1082 probanda
488 1032 730 1082 posuissem,
758 1035 923 1081 tempus
958 1036 1068 1069 esset
1101 1033 1182 1068 iam
1220 1030 1273 1069 de
1310 1031 1452 1070 ordine

243 1098 596 1145 argumentorum,
635 1098 679 1131 et
714 1092 767 1131 de
806 1092 1071 1131 collocatione
1110 1093 1265 1145 aliquid
1301 1093 1452 1134 dicere.

244 1155 326 1194 Sed
353 1169 447 1194 cum
475 1157 556 1194 tria
578 1157 661 1193 sint
690 1168 715 1193 a
744 1167 813 1193 me
841 1158 1064 1206 proposita,
1091 1155 1144 1194 de
1173 1169 1255 1194 uno
1281 1156 1452 1202 dictum,

242 1231 337 1256 cum
370 1218 422 1256 de
456 1217 615 1256 duobus
649 1217 816 1269 reliquis
847 1217 1004 1263 dixero,
1035 1223 1125 1256 tum
1157 1220 1237 1256 erit
1271 1218 1451 1270 denique

243 1280 295 1319 de
314 1279 569 1331 disponenda
587 1285 678 1318 tota
695 1282 880 1318 oratione
901 1280 1196 1331 quaerendum.

160 1355 224 1390 182
293 1342 452 1380 XLIII.
481 1341 604 1380 Valet
623 1344 749 1394 igitur
767 1341 945 1380 multum
960 1342 1014 1380 ad
1027 1342 1273 1382 vincendum
1290 1343 1452 1394 probari

241 1418 375 1444 mores
396 1410 440 1443 et
459 1406 652 1443 instituta
671 1410 716 1443 et
734 1404 846 1443 facta
861 1409 906 1442 et
921 1406 1048 1443 vitam
1064 1418 1221 1451 eorum,
1235 1407 1306 1457 qui
1325 1411 1454 1458 agent

241 1480 397 1513 causas,
432 1472 477 1506 et
514 1480 671 1514 eorum,
703 1480 777 1519 pro
815 1467 978 1518 quibus,
1012 1472 1057 1506 et
1092 1470 1196 1506 item
1232 1468 1452 1519 improbari

243 1530 582 1575 adversariorum,
601 1532 840 1581 animosque
862 1542 1019 1576 eorum,
1038 1529 1150 1581 apud
1168 1543 1270 1582 quos
1290 1535 1452 1582 agetur,

241 1591 446 1631 conciliari
465 1605 590 1644 quam
605 1594 784 1630 maxime
805 1591 859 1630 ad
878 1591 1225 1639 benevolentiam,
1239 1605 1333 1632 cum
1354 1606 1452 1646 erga

241 1660 446 1694 oratorem
464 1660 555 1693 tum
574 1667 673 1706 erga
689 1654 803 1692 illum
823 1667 896 1705 pro
914 1668 996 1706 quo
1013 1654 1125 1693 dicet
1142 1660 1291 1693 orator.
1348 1654 1452 1694 Con-

240 1717 430 1755 ciliantur
446 1722 589 1755 autem
605 1719 729 1755 animi
746 1717 951 1768 dignitate
967 1715 1156 1763 hominis,
1172 1717 1294 1756 rebus
1310 1720 1452 1770 gestis,

241 1781 546 1818 existimatione
570 1782 679 1818 vitae
699 1791 709 1825 ;
746 1792 853 1830 quae
876 1778 1032 1817 facilius
1055 1782 1189 1817 ornari
1210 1785 1397 1830 possunt,
1418 1782 1451 1820 si

239 1841 362 1880 modo
398 1847 508 1887 sunt,
545 1855 669 1893 quam
706 1841 819 1892 fingi,
854 1844 887 1879 si
923 1841 1034 1879 nulla
1069 1847 1177 1880 sunt.
1233 1841 1316 1881 Sed
1350 1841 1452 1882 haec

241 1904 438 1942 adiuvant
470 1907 513 1942 in
546 1909 734 1942 oratore:
779 1903 927 1942 lenitas
961 1906 1083 1949 vocis,
1117 1903 1253 1942 vultus
1284 1904 1451 1956 pudoris

421 2011 437 2027 ⁶
459 2006 527 2041 See
543 2007 603 2040 the
619 2008 777 2050 opening
792 2007 835 2040 of
845 2006 994 2049 chapter
1009 2018 1125 2046 xxxv„
1142 2017 1266 2050 cupra.

239 2070 317 2106 826
