1560 2294
759 139 963 178 CICERO

256 245 449 282 emissum
480 249 557 290 est,
588 242 874 289 adhaerescit;
917 243 1018 283 illud
1047 250 1189 284 autem
1217 259 1348 298 genus
1377 261 1465 287 ora-

256 305 378 341 tionis
404 316 486 342 non
511 305 789 355 cognitionem
815 303 971 350 iudicis,
997 304 1071 343 sed
1094 308 1226 358 magis
1250 307 1465 358 perturba-

256 365 413 401 tionem
440 365 626 414 requirit,
647 376 773 414 quam
801 366 995 415 consequi
1023 366 1100 402 nisi
1127 364 1258 404 multa
1285 372 1329 405 et
1354 369 1466 406 varia

257 428 301 461 et
331 425 494 474 copiosa
526 425 726 468 oratione,
756 427 801 461 et
833 423 952 461 simili
981 426 1246 463 contentione
1280 429 1465 474 actionis,

174 488 237 521 215
256 496 377 521 nemo
397 488 550 534 potest.
607 481 745 529 Quare
768 485 838 534 qui
861 488 934 521 aut
955 484 1136 522 breviter
1157 490 1230 523 aut
1251 489 1464 526 summisse

255 542 411 587 dicunt,
453 542 600 580 docere
642 542 819 580 iudicem
859 549 1045 594 possunt,
1086 557 1342 585 commovere
1383 560 1465 586 non

255 607 427 653 possunt
445 614 455 647 ;
482 604 525 639 in
544 615 625 654 quo
644 607 741 640 sunt
759 605 908 640 omnia.

309 661 398 699 Iam
421 661 522 700 illud
550 664 812 713 perspicuum
837 667 914 708 est,
939 665 1122 702 omnium
1145 677 1283 704 rerum
1306 667 1349 704 in
1372 679 1467 706 con-

256 724 400 760 trarias
420 727 560 772 partes
574 720 818 760 facultatem
839 735 891 760 ex
907 722 1062 762 eisdem
1082 724 1337 775 suppeditari
1355 725 1464 766 locis.

256 780 338 820 Sed
364 787 609 833 argumento
636 781 911 820 resistendum
940 788 1004 821 est
1032 788 1106 822 aut
1133 786 1205 830 eis,
1225 798 1332 837 quae
1359 799 1468 825 com-

255 841 456 892 probandi
486 843 572 879 eius
601 854 724 879 causa
752 847 983 888 sumuntur,
1010 843 1374 894 reprehendendis,
1394 853 1467 886 aut

256 901 591 947 demonstrando,
622 900 678 947 id,
710 901 821 952 quod
851 901 1094 941 concludere
1124 903 1182 942 illi
1212 904 1354 952 velint,
1385 920 1467 945 non

257 961 359 999 effici
376 974 428 999 ex
439 963 657 1012 propositis
674 974 750 999 nec
767 974 855 999 esse
872 974 1146 1014 consequens3
1163 970 1249 1010 aut,
1262 967 1295 1003 si
1310 968 1370 1004 ita
1385 980 1467 1006 non

257 1019 432 1067 refellas,
458 1019 711 1059 afferendum
736 1027 800 1060 est
822 1023 865 1059 in
888 1025 1134 1062 contrariam
1155 1029 1333 1075 partem,
1357 1027 1467 1078 quod

173 1087 239 1121 216
257 1084 310 1118 sit
325 1086 396 1119 aut
410 1083 572 1133 gravius
587 1086 660 1119 aut
674 1094 807 1133 aeque
820 1094 958 1133 grave.
1015 1082 1090 1121 Illa
1104 1089 1259 1130 autem,
1273 1098 1380 1137 quae
1394 1092 1467 1126 aut

258 1140 549 1178 conciliationis
588 1153 710 1179 eausa
743 1140 905 1187 leniter,
936 1147 1010 1180 aut
1046 1146 1312 1194 permotionis
1345 1145 1467 1186 vehe-

257 1206 420 1238 menter
440 1206 633 1252 aguntur,
652 1203 863 1239 contrariis
883 1203 1222 1242 commotionibus
1242 1203 1468 1245 auferenda

258 1268 368 1308 sunt,
414 1268 462 1301 ut
507 1262 600 1301 odio
647 1262 950 1309 benevolentia,
995 1266 1271 1304 misericordia
1315 1269 1467 1308 invidia

258 1322 438 1360 tollatur.

311 1381 417 1420 LIV.
448 1381 589 1420 Suavis
610 1387 752 1421 autem
772 1387 837 1421 est
856 1388 901 1422 et
920 1382 1189 1423 vehementer
1211 1398 1335 1438 saepe
1356 1388 1466 1428 utilis

257 1444 367 1480 iocus
402 1447 446 1480 et
478 1441 685 1488 facetiae3
726 1455 848 1494 quae,
883 1445 1043 1482 etiamsi
1078 1443 1157 1482 alia
1189 1449 1326 1485 omnia
1358 1448 1465 1487 tradi

257 1507 347 1540 arte
363 1507 549 1553 possunt,
565 1507 738 1540 naturae
755 1508 852 1541 sunt
870 1506 1034 1554 propria
1053 1509 1166 1543 certe
1186 1518 1321 1558 neque
1341 1507 1466 1547 ullam

258 1567 390 1599 artem
425 1561 673 1600 desiderant.
734 1562 783 1600 In
817 1563 964 1614 quibus
1002 1569 1050 1602 tu
1087 1563 1209 1617 longe
1248 1565 1334 1605 aliis
1372 1581 1467 1607 mea

258 1623 480 1667 sententia,
515 1621 679 1667 Caesar,
714 1622 894 1668 excellis,
927 1636 1009 1674 quo
1042 1626 1173 1676 magis
1206 1625 1306 1664 mihi
1339 1629 1466 1667 etiam

259 1686 332 1719 aut
360 1683 479 1719 testis
509 1694 598 1719 esse
626 1687 746 1733 potes
775 1682 929 1721 nullam
963 1696 1052 1721 esse
1086 1690 1219 1723 artem
1251 1685 1345 1725 salis
1378 1693 1466 1734 aut,

259 1744 291 1779 si
342 1754 424 1793 qua
475 1747 553 1787 est,
608 1755 699 1780 eam
750 1747 797 1780 tu
850 1744 1108 1793 potissimum
1160 1758 1234 1783 nos
1287 1745 1462 1787 docebis.

176 1807 239 1839 217
259 1801 348 1853 Ego
398 1814 506 1846 vero,
554 1803 688 1853 inquit
736 1801 899 1848 Caesar,
942 1805 1051 1841 omni
1099 1803 1152 1843 de
1198 1818 1243 1843 re
1289 1804 1463 1846 facetius

258 1866 359 1911 puto
383 1874 501 1911 posse
526 1861 578 1898 ab
602 1859 766 1899 homine
795 1875 877 1900 non
903 1863 1116 1909 inurbano,
1139 1877 1263 1916 quam
1286 1865 1339 1904 de
1367 1868 1463 1918 ipsis

258 1919 417 1959 facetiis
455 1920 666 1971 disputari.
741 1921 890 1973 Itaque
928 1935 1021 1961 cum
1053 1924 1251 1974 quosdam
1285 1924 1463 1965 Graecos

258 1982 471 2031 inscriptos
509 1979 630 2019 libros
669 1994 758 2020 esse
795 1980 985 2020 vidissem
1023 1995 1075 2020 nr.
1113 1996 1328 2031 mmmmm,
1365 1998 1465 2024 non·

256 2099 333 2135 356
