1560 2294
763 121 968 160 CICERO

261 225 450 264 relictum
478 239 567 264 esse
587 225 871 264 dicunt—sine
894 225 1218 264 inflammatione
1241 227 1469 264 animorum

262 287 460 323 exsistere
479 298 615 336 posse,
634 290 678 323 et
697 287 784 323 sine
804 285 983 337 quodam
1001 285 1142 324 affiatu
1161 287 1277 337 quasi
1295 283 1453 324 furoris.

312 343 484 382 XLVII.
507 343 601 392 Qua
612 357 656 382 re
669 344 797 383 nolite
811 347 1047 383 existimare
1059 357 1127 383 me
1141 347 1290 396 ipsum,
1303 347 1373 396 qui
1387 357 1469 383 non

260 402 431 442 heroum
451 408 614 441 veteres
633 416 750 441 casus
775 403 974 455 fictosque
993 403 1127 442 luctus
1147 403 1295 442 vellem
1317 405 1469 442 imitari

261 468 388 515 atque
408 463 653 501 adumbrare
669 462 858 509 dicendo,
873 476 1009 514 neque
1030 468 1144 501 actor
1163 476 1295 502 essem
1309 462 1467 502 alienae

261 535 475 574 personae,
497 522 572 560 sed
600 527 743 560 auctor
770 535 904 568 meae,
926 535 1019 560 cum
1047 521 1147 560 mihi
1177 521 1252 560 Μ’.
1282 522 1469 574 Aquilius

259 586 303 621 in
324 585 492 621 civitate
514 581 755 621 retinendus
779 587 903 627 esset,
926 595 1033 634 quae
1055 585 1098 620 in
1118 582 1188 620 illa
1209 596 1333 621 causa
1353 596 1470 635 pero-

180 650 243 684 195
262 642 390 680 randa
421 641 604 687 fecerim,
637 643 724 679 sine
761 654 913 693 magno
951 641 1090 680 dolore
1118 640 1277 681 fecisse.
1333 641 1470 691 Quem

262 704 372 740 enim
396 714 474 753 ego
497 700 706 739 consulem
733 699 873 746 fuisse,
896 703 1203 752 imperatorem,
1227 707 1419 741 ornatum
1445 715 1471 742 a

260 760 432 806 Senatu,
452 766 647 799 ovantem
669 762 712 798 in
738 759 988 812 Capitolium
1011 760 1242 800 ascendisse
1264 764 1471 802 meminis-

261 837 363 869 sem,
378 822 487 861 hunc
505 836 599 861 cum
615 822 825 868 afflictum,
844 822 1122 869 debilitatum,
1136 828 1408 870 maerentem,
1426 826 1469 863 in

261 896 468 922 summum
505 882 724 921 discrimen
757 882 982 921 adductum
1016 882 1213 929 viderem,
1245 896 1328 922 11011
1360 886 1471 936 prius

262 957 353 982 sum
382 948 553 981 conatus
582 942 901 981 misericordiam
931 942 1018 980 aliis
1047 955 1318 990 commovere,
1348 958 1472 997 quam

262 1002 539 1042 misericordia
565 1015 656 1041 sum
684 1005 772 1054 ipse
800 1007 959 1053 captus.
1016 1001 1132 1041 Sensi
1162 1003 1355 1055 equidem
1382 1009 1472 1044 tum

263 1075 515 1115 magnopere
546 1064 701 1100 moveri
738 1061 906 1108 iudices,
935 1075 1029 1100 cum
1058 1064 1235 1101 excitavi
1266 1069 1472 1103 maestum

264 1137 312 1162 ac
342 1122 598 1161 sordidatum
635 1134 778 1160 senem
816 1127 860 1159 et
898 1135 991 1160 cum
1023 1124 1104 1160 ista
1140 1121 1234 1169 feci,
1265 1136 1373 1176 quae
1410 1129 1472 1171 tu,

264 1183 423 1228 Crasse,
445 1181 603 1226 laudas,
626 1194 708 1219 11011
731 1186 835 1226 arte,
858 1181 910 1220 de
933 1194 1016 1233 qua
1038 1181 1138 1233 quid
1158 1181 1303 1235 loquar
1323 1186 1474 1231 nescio,

265 1242 339 1282 sed
369 1246 486 1280 motu
518 1254 670 1292 magno
703 1242 827 1278 animi
859 1253 907 1279 ac
938 1240 1092 1287 dolore,
1123 1247 1173 1280 ut
1203 1242 1474 1283 discinderem

186 1311 247 1344 196
266 1305 462 1348 tunicam,
482 1306 530 1339 ut
553 1302 761 1339 cicatrices
787 1300 1062 1339 ostenderem.
1118 1300 1223 1341 Cum
1245 1301 1290 1342 C.
1317 1303 1474 1343 Marius

264 1374 493 1402 maerorem
510 1362 704 1399 orationis
721 1373 840 1398 meae
857 1373 1052 1411 praesens
1069 1373 1117 1400 ac
1133 1361 1281 1401 sedens
1297 1363 1474 1403 multum

265 1422 440 1461 lacrimis
478 1422 560 1458 suis
599 1419 828 1467 adiuvaret,
860 1432 1036 1472 cumque
1071 1433 1149 1472 ego
1185 1420 1300 1461 illum
1332 1423 1474 1462 crebro

267 1481 477 1534 appellans
514 1478 714 1532 collegam
751 1481 789 1517 ei
825 1492 944 1517 suum
980 1480 1312 1520 commendarem
1347 1488 1475 1535 atque

266 1545 400 1594 ipsum
429 1539 675 1579 advocatum
705 1538 758 1577 ad
786 1552 1046 1578 communem
1074 1541 1369 1591 imperatorum
1395 1541 1476 1581 for-

267 1608 412 1641 tunam
439 1598 746 1638 defendendam
772 1601 1018 1645 invocarem,
1045 1612 1128 1638 non
1153 1598 1234 1639 fuit
1260 1599 1363 1641 haec
1388 1605 1476 1642 sine

267 1663 370 1700 meis
415 1659 604 1704 lacrimis,
642 1671 725 1697 non
761 1660 849 1696 sine
890 1658 1029 1696 dolore
1066 1672 1218 1711 magno
1254 1662 1478 1708 miseratio,

269 1723 533 1771 omniumque
580 1718 751 1756 deorum
798 1723 842 1756 et
887 1716 1098 1756 hominum
1146 1724 1190 1757 et
1239 1721 1387 1759 civium
1433 1727 1478 1760 et

269 1783 469 1819 sociorum
488 1777 719 1830 imploratio
739 1790 748 1823 ;
783 1777 930 1829 quibus
951 1778 1138 1816 omnibus
1159 1778 1306 1826 verbis,
1326 1793 1433 1831 quae
1453 1794 1478 1819 a

318 1889 334 1904 ⁰
358 1882 524 1926 Aquilius
544 1892 618 1915 was
638 1880 762 1914 consul
783 1881 819 1914 in
844 1883 903 1914 101
929 1891 995 1914 mc.
1043 1881 1148 1915 After
1167 1884 1397 1926 suppressing
1416 1883 1477 1918 the

271 1926 405 1961 Sei-vile
421 1926 507 1960 war
523 1927 560 1959 in
577 1925 700 1967 Sicily,
717 1925 762 1958 he
778 1935 851 1958 was
893 1924 1076 1958 roseeuted
1094 1926 1130 1958 in
1147 1928 1191 1959 98
1209 1937 1274 1959 mc.
1292 1927 1348 1960 for
1363 1930 1477 1961 extor-

271 1973 358 2010 tion,
374 1971 442 2003 but
457 1968 688 2011 successfully
704 1968 835 2002 defend
896 1968 947 2010 by
964 1968 1143 2002 Antonius
1159 1969 1220 2012 (cs.
1237 1973 1254 2009 ἕ
1273 1971 1363 2013 188).

320 2014 334 2034 ⁶
361 2015 500 2048 Marius
517 2023 590 2047 was
605 2011 729 2046 consul
746 2011 802 2046 for
818 2012 879 2046 the
895 2011 976 2045 fifth
992 2013 1080 2046 time
1098 2013 1133 2045 in
1154 2015 1212 2047 101
1233 2023 1300 2048 mc.

274 2078 349 2115 338
