<?xml version="1.0" encoding="UTF-8"?>
<!DOCTYPE html PUBLIC "-//W3C//DTD XHTML 1.0 Transitional//EN"
    "http://www.w3.org/TR/xhtml1/DTD/xhtml1-transitional.dtd">
<html xmlns="http://www.w3.org/1999/xhtml" xml:lang="en" lang="en">
 <head>
  <title>
</title>
<meta http-equiv="Content-Type" content="text/html;charset=utf-8" />
  <meta name='ocr-system' content='tesseract 3.04.00' />
  <meta name='ocr-capabilities' content='ocr_page ocr_carea ocr_par ocr_line ocrx_word'/>
</head>
<body>
  <div class='ocr_page' id='page_1' title='image "./cicerodeoratore01ciceuoft_0392.png"; bbox 0 0 1560 2294; ppageno 0'>
   <div class='ocr_carea' id='block_1_1' title="bbox 779 130 983 170">
    <p class='ocr_par' dir='ltr' id='par_1_1' title="bbox 779 130 983 170">
     <span class='ocr_line' id='line_1_1' title="bbox 779 130 983 170; baseline 0 -1"><span class='ocrx_word' id='word_1_1' title='bbox 779 130 983 170; x_wconf 91' lang='lat' dir='ltr'>CICERO</span> 
     </span>
    </p>
   </div>
   <div class='ocr_carea' id='block_1_2' title="bbox 190 233 1485 1830">
    <p class='ocr_par' dir='ltr' id='par_1_2' title="bbox 276 233 1485 347">
     <span class='ocr_line' id='line_1_2' title="bbox 276 233 1485 288; baseline 0.001 -18"><span class='ocrx_word' id='word_1_2' title='bbox 276 238 441 283; x_wconf 86' lang='lat' dir='ltr'>praeter</span> <span class='ocrx_word' id='word_1_3' title='bbox 473 233 582 273; x_wconf 86' lang='lat' dir='ltr'>hunc</span> <span class='ocrx_word' id='word_1_4' title='bbox 614 237 657 272; x_wconf 91' lang='lat' dir='ltr'>in</span> <span class='ocrx_word' id='word_1_5' title='bbox 690 240 866 287; x_wconf 88' lang='lat' dir='ltr'>utroque</span> <span class='ocrx_word' id='word_1_6' title='bbox 896 248 1050 288; x_wconf 87' lang='lat' dir='ltr'>genere</span> <span class='ocrx_word' id='word_1_7' title='bbox 1082 234 1231 286; x_wconf 86' lang='lat' dir='ltr'>leporis</span> <span class='ocrx_word' id='word_1_8' title='bbox 1266 233 1485 280; x_wconf 85' lang='lat' dir='ltr'>excellens,</span> 
     </span>
     <span class='ocr_line' id='line_1_3' title="bbox 276 293 1484 347; baseline 0.001 -16"><span class='ocrx_word' id='word_1_9' title='bbox 276 298 320 331; x_wconf 92' lang='lat' dir='ltr'>et</span> <span class='ocrx_word' id='word_1_10' title='bbox 342 293 409 333; x_wconf 92' lang='lat' dir='ltr'>illo</span> <span class='ocrx_word' id='word_1_11' title='bbox 429 296 540 347; x_wconf 93' lang='lat' dir='ltr'>quod</span> <span class='ocrx_word' id='word_1_12' title='bbox 562 298 604 333; x_wconf 88' lang='lat' dir='ltr'>in</span> <span class='ocrx_word' id='word_1_13' title='bbox 624 299 907 347; x_wconf 81' lang='lat' dir='ltr'>perpetuitate</span> <span class='ocrx_word' id='word_1_14' title='bbox 928 299 1138 342; x_wconf 89' lang='lat' dir='ltr'>sermonis,</span> <span class='ocrx_word' id='word_1_15' title='bbox 1156 301 1200 335; x_wconf 87' lang='lat' dir='ltr'>et</span> <span class='ocrx_word' id='word_1_16' title='bbox 1222 295 1300 335; x_wconf 87' lang='lat' dir='ltr'>hoc</span> <span class='ocrx_word' id='word_1_17' title='bbox 1315 294 1428 347; x_wconf 89' lang='lat' dir='ltr'>quod</span> <span class='ocrx_word' id='word_1_18' title='bbox 1441 297 1484 333; x_wconf 91' lang='lat' dir='ltr'>in</span> 
     </span>
    </p>

    <p class='ocr_par' dir='ltr' id='par_1_3' title="bbox 192 353 1485 780">
     <span class='ocr_line' id='line_1_4' title="bbox 192 353 1485 408; baseline 0.001 -16"><span class='ocrx_word' id='word_1_19' title='bbox 192 353 254 386; x_wconf 83' lang='lat'>221</span> <span class='ocrx_word' id='word_1_20' title='bbox 274 354 488 394; x_wconf 84' lang='lat' dir='ltr'>eeleritate</span> <span class='ocrx_word' id='word_1_21' title='bbox 532 362 659 408; x_wconf 86' lang='lat' dir='ltr'>atque</span> <span class='ocrx_word' id='word_1_22' title='bbox 702 357 813 396; x_wconf 88' lang='lat' dir='ltr'>dicto</span> <span class='ocrx_word' id='word_1_23' title='bbox 857 363 932 396; x_wconf 91' lang='lat' dir='ltr'>est.</span> <span class='ocrx_word' id='word_1_24' title='bbox 989 357 1095 396; x_wconf 90' lang='lat' dir='ltr'>Nam</span> <span class='ocrx_word' id='word_1_25' title='bbox 1137 357 1240 396; x_wconf 88' lang='lat' dir='ltr'>haec</span> <span class='ocrx_word' id='word_1_26' title='bbox 1281 361 1485 408; x_wconf 86' lang='lat' dir='ltr'>perpetua</span> 
     </span>
     <span class='ocr_line' id='line_1_5' title="bbox 273 417 1485 458; baseline 0.002 -4"><span class='ocrx_word' id='word_1_27' title='bbox 273 422 416 455; x_wconf 90' lang='lat' dir='ltr'>contra</span> <span class='ocrx_word' id='word_1_28' title='bbox 442 417 680 457; x_wconf 90' lang='lat' dir='ltr'>Scaevolam</span> <span class='ocrx_word' id='word_1_29' title='bbox 707 418 884 457; x_wconf 89' lang='lat' dir='ltr'>Curiana</span> <span class='ocrx_word' id='word_1_30' title='bbox 910 418 1095 458; x_wconf 87' lang='lat' dir='ltr'>defensio</span> <span class='ocrx_word' id='word_1_31' title='bbox 1121 424 1213 458; x_wconf 87' lang='lat' dir='ltr'>tota</span> <span class='ocrx_word' id='word_1_32' title='bbox 1238 417 1485 457; x_wconf 84' lang='lat' dir='ltr'>redundavit</span> 
     </span>
     <span class='ocr_line' id='line_1_6' title="bbox 273 476 1484 531; baseline 0.002 -16"><span class='ocrx_word' id='word_1_33' title='bbox 273 476 482 518; x_wconf 82' lang='lat' dir='ltr'>hilaritate</span> <span class='ocrx_word' id='word_1_34' title='bbox 518 480 697 531; x_wconf 87' lang='lat' dir='ltr'>quadam</span> <span class='ocrx_word' id='word_1_35' title='bbox 733 486 778 519; x_wconf 90' lang='lat' dir='ltr'>et</span> <span class='ocrx_word' id='word_1_36' title='bbox 810 483 927 527; x_wconf 80' lang='lat' dir='ltr'>ioco3</span> <span class='ocrx_word' id='word_1_37' title='bbox 981 481 1092 519; x_wconf 86' lang='lat' dir='ltr'>dicta</span> <span class='ocrx_word' id='word_1_38' title='bbox 1125 480 1195 518; x_wconf 89' lang='lat' dir='ltr'>illa</span> <span class='ocrx_word' id='word_1_39' title='bbox 1228 480 1369 519; x_wconf 87' lang='lat' dir='ltr'>brevia</span> <span class='ocrx_word' id='word_1_40' title='bbox 1401 492 1484 518; x_wconf 89' lang='lat' dir='ltr'>non</span> 
     </span>
     <span class='ocr_line' id='line_1_7' title="bbox 274 538 1484 594; baseline 0.001 -16"><span class='ocrx_word' id='word_1_41' title='bbox 274 538 430 579; x_wconf 86' lang='lat' dir='ltr'>habuit.</span> <span class='ocrx_word' id='word_1_42' title='bbox 483 541 686 581; x_wconf 87' lang='lat' dir='ltr'>Parcebat</span> <span class='ocrx_word' id='word_1_43' title='bbox 714 545 823 581; x_wconf 91' lang='lat' dir='ltr'>enim</span> <span class='ocrx_word' id='word_1_44' title='bbox 851 543 1071 581; x_wconf 87' lang='lat' dir='ltr'>adversarii</span> <span class='ocrx_word' id='word_1_45' title='bbox 1098 542 1306 594; x_wconf 81' lang='lat' dir='ltr'>dignitati,</span> <span class='ocrx_word' id='word_1_46' title='bbox 1333 544 1374 580; x_wconf 91' lang='lat' dir='ltr'>in</span> <span class='ocrx_word' id='word_1_47' title='bbox 1402 554 1484 593; x_wconf 91' lang='lat' dir='ltr'>quo</span> 
     </span>
     <span class='ocr_line' id='line_1_8' title="bbox 273 602 1483 656; baseline 0.002 -17"><span class='ocrx_word' id='word_1_48' title='bbox 273 603 361 652; x_wconf 88' lang='lat' dir='ltr'>ipse</span> <span class='ocrx_word' id='word_1_49' title='bbox 390 604 659 642; x_wconf 85' lang='lat' dir='ltr'>conservabat</span> <span class='ocrx_word' id='word_1_50' title='bbox 687 617 829 651; x_wconf 88' lang='lat' dir='ltr'>suam;</span> <span class='ocrx_word' id='word_1_51' title='bbox 858 605 969 656; x_wconf 90' lang='lat' dir='ltr'>quod</span> <span class='ocrx_word' id='word_1_52' title='bbox 992 610 1057 643; x_wconf 89' lang='lat' dir='ltr'>est</span> <span class='ocrx_word' id='word_1_53' title='bbox 1081 604 1312 643; x_wconf 87' lang='lat' dir='ltr'>hominibus</span> <span class='ocrx_word' id='word_1_54' title='bbox 1338 602 1483 642; x_wconf 86' lang='lat' dir='ltr'>facetis</span> 
     </span>
     <span class='ocr_line' id='line_1_9' title="bbox 274 663 1484 712; baseline 0.002 -11"><span class='ocrx_word' id='word_1_55' title='bbox 274 668 319 701; x_wconf 88' lang='lat' dir='ltr'>et</span> <span class='ocrx_word' id='word_1_56' title='bbox 338 663 543 703; x_wconf 83' lang='lat' dir='ltr'>dicacibus</span> <span class='ocrx_word' id='word_1_57' title='bbox 564 665 856 712; x_wconf 89' lang='lat' dir='ltr'>difficillimum,</span> <span class='ocrx_word' id='word_1_58' title='bbox 876 666 1030 705; x_wconf 89' lang='lat' dir='ltr'>habere</span> <span class='ocrx_word' id='word_1_59' title='bbox 1050 665 1262 706; x_wconf 91' lang='lat' dir='ltr'>hominum</span> <span class='ocrx_word' id='word_1_60' title='bbox 1281 667 1484 704; x_wconf 82' lang='lat' dir='ltr'>rationem</span> 
     </span>
     <span class='ocr_line' id='line_1_10' title="bbox 275 727 1483 780; baseline 0.002 -17"><span class='ocrx_word' id='word_1_61' title='bbox 275 730 319 763; x_wconf 88' lang='lat' dir='ltr'>et</span> <span class='ocrx_word' id='word_1_62' title='bbox 347 730 581 777; x_wconf 91' lang='lat' dir='ltr'>temporum</span> <span class='ocrx_word' id='word_1_63' title='bbox 610 733 655 766; x_wconf 88' lang='lat' dir='ltr'>et</span> <span class='ocrx_word' id='word_1_64' title='bbox 684 741 747 774; x_wconf 89' lang='lat' dir='ltr'>ea,</span> <span class='ocrx_word' id='word_1_65' title='bbox 767 741 874 780; x_wconf 87' lang='lat' dir='ltr'>quae</span> <span class='ocrx_word' id='word_1_66' title='bbox 903 734 1131 774; x_wconf 87' lang='lat' dir='ltr'>occurrant,</span> <span class='ocrx_word' id='word_1_67' title='bbox 1151 742 1244 767; x_wconf 90' lang='lat' dir='ltr'>cum</span> <span class='ocrx_word' id='word_1_68' title='bbox 1267 727 1483 766; x_wconf 88' lang='lat' dir='ltr'>salsissime</span> 
     </span>
    </p>

    <p class='ocr_par' dir='ltr' id='par_1_4' title="bbox 191 786 1484 1136">
     <span class='ocr_line' id='line_1_11' title="bbox 191 786 1484 842; baseline 0.005 -21"><span class='ocrx_word' id='word_1_69' title='bbox 191 789 256 821; x_wconf 86' lang='lat'>222</span> <span class='ocrx_word' id='word_1_70' title='bbox 275 786 353 825; x_wconf 92' lang='lat' dir='ltr'>dici</span> <span class='ocrx_word' id='word_1_71' title='bbox 368 791 539 839; x_wconf 84' lang='lat' dir='ltr'>possint,</span> <span class='ocrx_word' id='word_1_72' title='bbox 555 794 713 829; x_wconf 86' lang='lat' dir='ltr'>tenere.</span> <span class='ocrx_word' id='word_1_73' title='bbox 761 790 910 842; x_wconf 89' lang='lat' dir='ltr'>Itaque</span> <span class='ocrx_word' id='word_1_74' title='bbox 925 790 1108 829; x_wconf 90' lang='lat' dir='ltr'>nonnulli</span> <span class='ocrx_word' id='word_1_75' title='bbox 1122 789 1280 829; x_wconf 88' lang='lat' dir='ltr'>ridiculi</span> <span class='ocrx_word' id='word_1_76' title='bbox 1298 789 1484 828; x_wconf 88' lang='lat' dir='ltr'>homines</span> 
     </span>
     <span class='ocr_line' id='line_1_12' title="bbox 274 848 1484 903; baseline 0.004 -17"><span class='ocrx_word' id='word_1_77' title='bbox 274 848 351 887; x_wconf 93' lang='lat' dir='ltr'>hoc</span> <span class='ocrx_word' id='word_1_78' title='bbox 365 851 499 901; x_wconf 91' lang='lat' dir='ltr'>ipsum</span> <span class='ocrx_word' id='word_1_79' title='bbox 514 864 596 889; x_wconf 92' lang='lat' dir='ltr'>non</span> <span class='ocrx_word' id='word_1_80' title='bbox 609 851 761 890; x_wconf 89' lang='lat' dir='ltr'>insulse</span> <span class='ocrx_word' id='word_1_81' title='bbox 775 854 1103 903; x_wconf 86' lang='lat' dir='ltr'>interpretantur</span> <span class='ocrx_word' id='word_1_82' title='bbox 1117 852 1254 891; x_wconf 86' lang='lat' dir='ltr'>dicere</span> <span class='ocrx_word' id='word_1_83' title='bbox 1263 854 1277 876; x_wconf 79' lang='lat'>²</span> <span class='ocrx_word' id='word_1_84' title='bbox 1290 851 1484 898; x_wconf 90' lang='lat' dir='ltr'>Ennium,</span> 
     </span>
     <span class='ocr_line' id='line_1_13' title="bbox 275 910 1483 966; baseline 0.003 -17"><span class='ocrx_word' id='word_1_85' title='bbox 275 910 482 950; x_wconf 88' lang='lat' dir='ltr'>flammam</span> <span class='ocrx_word' id='word_1_86' title='bbox 506 926 531 950; x_wconf 87' lang='lat' dir='ltr'>a</span> <span class='ocrx_word' id='word_1_87' title='bbox 553 916 741 964; x_wconf 89' lang='lat' dir='ltr'>sapiente</span> <span class='ocrx_word' id='word_1_88' title='bbox 764 912 921 952; x_wconf 86' lang='lat' dir='ltr'>facilius</span> <span class='ocrx_word' id='word_1_89' title='bbox 945 928 1015 953; x_wconf 89' lang='lat' dir='ltr'>ore</span> <span class='ocrx_word' id='word_1_90' title='bbox 1037 918 1080 953; x_wconf 92' lang='lat' dir='ltr'>in</span> <span class='ocrx_word' id='word_1_91' title='bbox 1103 915 1276 954; x_wconf 87' lang='lat' dir='ltr'>ardente</span> <span class='ocrx_word' id='word_1_92' title='bbox 1295 916 1483 966; x_wconf 84' lang='lat' dir='ltr'>opprimi,</span> 
     </span>
     <span class='ocr_line' id='line_1_14' title="bbox 275 974 1483 1024; baseline 0.003 -13"><span class='ocrx_word' id='word_1_93' title='bbox 275 986 400 1024; x_wconf 86' lang='lat' dir='ltr'>quam</span> <span class='ocrx_word' id='word_1_94' title='bbox 425 974 534 1012; x_wconf 88' lang='lat' dir='ltr'>bona</span> <span class='ocrx_word' id='word_1_95' title='bbox 562 975 674 1014; x_wconf 88' lang='lat' dir='ltr'>dicta</span> <span class='ocrx_word' id='word_1_96' title='bbox 702 981 876 1022; x_wconf 86' lang='lat' dir='ltr'>teneat;</span> <span class='ocrx_word' id='word_1_97' title='bbox 916 975 1018 1014; x_wconf 88' lang='lat' dir='ltr'>haec</span> <span class='ocrx_word' id='word_1_98' title='bbox 1047 976 1202 1015; x_wconf 88' lang='lat' dir='ltr'>scilicet</span> <span class='ocrx_word' id='word_1_99' title='bbox 1226 977 1335 1015; x_wconf 83' lang='lat' dir='ltr'>bona</span> <span class='ocrx_word' id='word_1_100' title='bbox 1360 976 1483 1022; x_wconf 81' lang='lat' dir='ltr'>dicta,</span> 
     </span>
     <span class='ocr_line' id='line_1_15' title="bbox 274 1035 1483 1090; baseline 0.004 -18"><span class='ocrx_word' id='word_1_101' title='bbox 274 1047 381 1086; x_wconf 87' lang='lat' dir='ltr'>quae</span> <span class='ocrx_word' id='word_1_102' title='bbox 410 1035 516 1074; x_wconf 86' lang='lat' dir='ltr'>salsa</span> <span class='ocrx_word' id='word_1_103' title='bbox 544 1039 655 1083; x_wconf 83' lang='lat' dir='ltr'>sint3</span> <span class='ocrx_word' id='word_1_104' title='bbox 694 1050 791 1076; x_wconf 86' lang='lat' dir='ltr'>nam</span> <span class='ocrx_word' id='word_1_105' title='bbox 819 1050 870 1076; x_wconf 87' lang='lat' dir='ltr'>ea</span> <span class='ocrx_word' id='word_1_106' title='bbox 897 1037 1009 1076; x_wconf 86' lang='lat' dir='ltr'>dicta</span> <span class='ocrx_word' id='word_1_107' title='bbox 1037 1037 1298 1090; x_wconf 87' lang='lat' dir='ltr'>appellantur</span> <span class='ocrx_word' id='word_1_108' title='bbox 1321 1040 1483 1090; x_wconf 85' lang='lat' dir='ltr'>proprio</span> 
     </span>
     <span class='ocr_line' id='line_1_16' title="bbox 274 1098 551 1136; baseline 0.007 -2"><span class='ocrx_word' id='word_1_109' title='bbox 274 1098 355 1134; x_wconf 88' lang='lat' dir='ltr'>iam</span> <span class='ocrx_word' id='word_1_110' title='bbox 374 1100 551 1136; x_wconf 89' lang='lat' dir='ltr'>nomine.</span> 
     </span>
    </p>

    <p class='ocr_par' dir='ltr' id='par_1_5' title="bbox 273 1157 1483 1463">
     <span class='ocr_line' id='line_1_17' title="bbox 327 1157 1483 1201; baseline 0.004 -5"><span class='ocrx_word' id='word_1_111' title='bbox 327 1157 411 1197; x_wconf 91' lang='lat' dir='ltr'>LV.</span> <span class='ocrx_word' id='word_1_112' title='bbox 441 1159 523 1197; x_wconf 92' lang='lat' dir='ltr'>Sed</span> <span class='ocrx_word' id='word_1_113' title='bbox 560 1165 607 1198; x_wconf 92' lang='lat' dir='ltr'>ut</span> <span class='ocrx_word' id='word_1_114' title='bbox 640 1162 683 1198; x_wconf 91' lang='lat' dir='ltr'>in</span> <span class='ocrx_word' id='word_1_115' title='bbox 715 1160 951 1200; x_wconf 88' lang='lat' dir='ltr'>Scaevolam</span> <span class='ocrx_word' id='word_1_116' title='bbox 989 1164 1192 1200; x_wconf 89' lang='lat' dir='ltr'>continuit</span> <span class='ocrx_word' id='word_1_117' title='bbox 1229 1175 1280 1201; x_wconf 89' lang='lat' dir='ltr'>ea</span> <span class='ocrx_word' id='word_1_118' title='bbox 1315 1161 1483 1201; x_wconf 81' lang='lat' dir='ltr'>Crassus</span> 
     </span>
     <span class='ocr_line' id='line_1_18' title="bbox 274 1220 1483 1275; baseline 0.005 -18"><span class='ocrx_word' id='word_1_119' title='bbox 274 1225 401 1271; x_wconf 88' lang='lat' dir='ltr'>atque</span> <span class='ocrx_word' id='word_1_120' title='bbox 426 1223 469 1258; x_wconf 90' lang='lat' dir='ltr'>in</span> <span class='ocrx_word' id='word_1_121' title='bbox 493 1220 561 1259; x_wconf 91' lang='lat' dir='ltr'>illo</span> <span class='ocrx_word' id='word_1_122' title='bbox 587 1221 717 1260; x_wconf 90' lang='lat' dir='ltr'>altero</span> <span class='ocrx_word' id='word_1_123' title='bbox 742 1235 910 1275; x_wconf 87' lang='lat' dir='ltr'>genere,</span> <span class='ocrx_word' id='word_1_124' title='bbox 935 1225 977 1261; x_wconf 89' lang='lat' dir='ltr'>in</span> <span class='ocrx_word' id='word_1_125' title='bbox 1003 1237 1084 1275; x_wconf 92' lang='lat' dir='ltr'>quo</span> <span class='ocrx_word' id='word_1_126' title='bbox 1110 1223 1209 1262; x_wconf 93' lang='lat' dir='ltr'>nulli</span> <span class='ocrx_word' id='word_1_127' title='bbox 1235 1224 1365 1263; x_wconf 83' lang='lat' dir='ltr'>aculei</span> <span class='ocrx_word' id='word_1_128' title='bbox 1390 1237 1483 1263; x_wconf 89' lang='lat' dir='ltr'>eon-</span> 
     </span>
     <span class='ocr_line' id='line_1_19' title="bbox 274 1282 1482 1339; baseline 0.004 -19"><span class='ocrx_word' id='word_1_129' title='bbox 274 1282 537 1322; x_wconf 84' lang='lat' dir='ltr'>tumeliarum</span> <span class='ocrx_word' id='word_1_130' title='bbox 558 1285 735 1330; x_wconf 88' lang='lat' dir='ltr'>inerant,</span> <span class='ocrx_word' id='word_1_131' title='bbox 758 1298 923 1323; x_wconf 90' lang='lat' dir='ltr'>causam</span> <span class='ocrx_word' id='word_1_132' title='bbox 944 1285 1055 1323; x_wconf 89' lang='lat' dir='ltr'>illam</span> <span class='ocrx_word' id='word_1_133' title='bbox 1078 1285 1482 1339; x_wconf 87' lang='lat' dir='ltr'>disputationemque</span> 
     </span>
     <span class='ocr_line' id='line_1_20' title="bbox 274 1342 1483 1401; baseline 0.006 -20"><span class='ocrx_word' id='word_1_134' title='bbox 274 1342 384 1390; x_wconf 90' lang='lat' dir='ltr'>lusit,</span> <span class='ocrx_word' id='word_1_135' title='bbox 414 1347 470 1383; x_wconf 88' lang='lat' dir='ltr'>sic</span> <span class='ocrx_word' id='word_1_136' title='bbox 499 1347 542 1383; x_wconf 91' lang='lat' dir='ltr'>in</span> <span class='ocrx_word' id='word_1_137' title='bbox 570 1345 713 1392; x_wconf 90' lang='lat' dir='ltr'>Bruto,</span> <span class='ocrx_word' id='word_1_138' title='bbox 743 1360 868 1398; x_wconf 86' lang='lat' dir='ltr'>quem</span> <span class='ocrx_word' id='word_1_139' title='bbox 901 1347 1047 1386; x_wconf 87' lang='lat' dir='ltr'>oderat</span> <span class='ocrx_word' id='word_1_140' title='bbox 1077 1353 1121 1386; x_wconf 91' lang='lat' dir='ltr'>et</span> <span class='ocrx_word' id='word_1_141' title='bbox 1149 1361 1274 1400; x_wconf 89' lang='lat' dir='ltr'>quem</span> <span class='ocrx_word' id='word_1_142' title='bbox 1312 1349 1483 1401; x_wconf 88' lang='lat' dir='ltr'>dignum</span> 
     </span>
     <span class='ocr_line' id='line_1_21' title="bbox 273 1406 1480 1463; baseline 0.004 -18"><span class='ocrx_word' id='word_1_143' title='bbox 273 1406 521 1446; x_wconf 87' lang='lat' dir='ltr'>contumelia</span> <span class='ocrx_word' id='word_1_144' title='bbox 570 1408 793 1455; x_wconf 86' lang='lat' dir='ltr'>iudicabat,</span> <span class='ocrx_word' id='word_1_145' title='bbox 840 1414 1016 1461; x_wconf 90' lang='lat' dir='ltr'>utroque</span> <span class='ocrx_word' id='word_1_146' title='bbox 1066 1423 1219 1462; x_wconf 87' lang='lat' dir='ltr'>genere</span> <span class='ocrx_word' id='word_1_147' title='bbox 1268 1413 1480 1463; x_wconf 86' lang='lat' dir='ltr'>pugnavit.</span> 
     </span>
    </p>

    <p class='ocr_par' dir='ltr' id='par_1_6' title="bbox 190 1468 1482 1830">
     <span class='ocr_line' id='line_1_22' title="bbox 190 1468 1481 1522; baseline 0.007 -20"><span class='ocrx_word' id='word_1_148' title='bbox 190 1469 255 1502; x_wconf 89' lang='grc'>223</span> <span class='ocrx_word' id='word_1_149' title='bbox 274 1469 410 1517; x_wconf 82' lang='lat' dir='ltr'>Quam</span> <span class='ocrx_word' id='word_1_150' title='bbox 431 1468 563 1507; x_wconf 88' lang='lat' dir='ltr'>multa</span> <span class='ocrx_word' id='word_1_151' title='bbox 587 1469 639 1507; x_wconf 92' lang='lat' dir='ltr'>de</span> <span class='ocrx_word' id='word_1_152' title='bbox 663 1469 833 1516; x_wconf 86' lang='lat' dir='ltr'>balneis,</span> <span class='ocrx_word' id='word_1_153' title='bbox 857 1484 958 1522; x_wconf 90' lang='lat' dir='ltr'>quas</span> <span class='ocrx_word' id='word_1_154' title='bbox 982 1484 1113 1522; x_wconf 89' lang='lat' dir='ltr'>nuper</span> <span class='ocrx_word' id='word_1_155' title='bbox 1135 1471 1202 1510; x_wconf 91' lang='lat' dir='ltr'>ille</span> <span class='ocrx_word' id='word_1_156' title='bbox 1226 1472 1481 1519; x_wconf 87' lang='lat' dir='ltr'>vendiderat,</span> 
     </span>
     <span class='ocr_line' id='line_1_23' title="bbox 274 1531 1482 1587; baseline 0.004 -18"><span class='ocrx_word' id='word_1_157' title='bbox 274 1545 399 1583; x_wconf 89' lang='lat' dir='ltr'>quam</span> <span class='ocrx_word' id='word_1_158' title='bbox 432 1531 564 1569; x_wconf 87' lang='lat' dir='ltr'>multa</span> <span class='ocrx_word' id='word_1_159' title='bbox 596 1531 648 1570; x_wconf 85' lang='lat' dir='ltr'>de</span> <span class='ocrx_word' id='word_1_160' title='bbox 687 1534 834 1571; x_wconf 89' lang='lat' dir='ltr'>amisso</span> <span class='ocrx_word' id='word_1_161' title='bbox 871 1535 1117 1583; x_wconf 88' lang='lat' dir='ltr'>patrimonio</span> <span class='ocrx_word' id='word_1_162' title='bbox 1155 1533 1284 1573; x_wconf 83' lang='lat' dir='ltr'>dixit!</span> <span class='ocrx_word' id='word_1_163' title='bbox 1340 1535 1482 1587; x_wconf 89' lang='lat' dir='ltr'>Atque</span> 
     </span>
     <span class='ocr_line' id='line_1_24' title="bbox 274 1593 1482 1644; baseline 0.004 -14"><span class='ocrx_word' id='word_1_164' title='bbox 274 1593 343 1631; x_wconf 89' lang='lat' dir='ltr'>illa</span> <span class='ocrx_word' id='word_1_165' title='bbox 370 1593 524 1639; x_wconf 90' lang='lat' dir='ltr'>brevia,</span> <span class='ocrx_word' id='word_1_166' title='bbox 553 1607 647 1632; x_wconf 90' lang='lat' dir='ltr'>cum</span> <span class='ocrx_word' id='word_1_167' title='bbox 675 1593 743 1632; x_wconf 91' lang='lat' dir='ltr'>ille</span> <span class='ocrx_word' id='word_1_168' title='bbox 777 1594 933 1633; x_wconf 89' lang='lat' dir='ltr'>diceret</span> <span class='ocrx_word' id='word_1_169' title='bbox 966 1608 1010 1633; x_wconf 91' lang='lat' dir='ltr'>se</span> <span class='ocrx_word' id='word_1_170' title='bbox 1043 1597 1131 1634; x_wconf 89' lang='lat' dir='ltr'>sine</span> <span class='ocrx_word' id='word_1_171' title='bbox 1165 1609 1287 1634; x_wconf 89' lang='lat' dir='ltr'>causa</span> <span class='ocrx_word' id='word_1_172' title='bbox 1319 1596 1482 1644; x_wconf 81' lang='lat' dir='ltr'>sudare,</span> 
     </span>
     <span class='ocr_line' id='line_1_25' title="bbox 275 1654 1480 1707; baseline 0.003 -14"><span class='ocrx_word' id='word_1_173' title='bbox 275 1654 284 1668; x_wconf 90' lang='lat'>‘</span> <span class='ocrx_word' id='word_1_174' title='bbox 301 1657 470 1694; x_wconf 88' lang='lat' dir='ltr'>minime</span> <span class='ocrx_word' id='word_1_175' title='bbox 513 1655 689 1701; x_wconf 86' lang='lat' dir='ltr'>mirum‚’</span> <span class='ocrx_word' id='word_1_176' title='bbox 731 1658 879 1707; x_wconf 89' lang='lat' dir='ltr'>inquit,</span> <span class='ocrx_word' id='word_1_177' title='bbox 918 1655 927 1669; x_wconf 90' lang='lat'>‘</span> <span class='ocrx_word' id='word_1_178' title='bbox 943 1656 1065 1695; x_wconf 91' lang='lat' dir='ltr'>modo</span> <span class='ocrx_word' id='word_1_179' title='bbox 1108 1659 1217 1696; x_wconf 90' lang='lat' dir='ltr'>enim</span> <span class='ocrx_word' id='word_1_180' title='bbox 1261 1660 1382 1697; x_wconf 88' lang='lat' dir='ltr'>existi</span> <span class='ocrx_word' id='word_1_181' title='bbox 1427 1658 1480 1698; x_wconf 88' lang='lat' dir='ltr'>de</span> 
     </span>
     <span class='ocr_line' id='line_1_26' title="bbox 272 1715 1480 1764; baseline 0.003 -9"><span class='ocrx_word' id='word_1_182' title='bbox 272 1715 456 1755; x_wconf 87' lang='lat' dir='ltr'>balneis.’</span> <span class='ocrx_word' id='word_1_183' title='bbox 513 1716 831 1755; x_wconf 83' lang='lat' dir='ltr'>Innumerabilia</span> <span class='ocrx_word' id='word_1_184' title='bbox 845 1717 944 1756; x_wconf 85' lang='lat' dir='ltr'>talia</span> <span class='ocrx_word' id='word_1_185' title='bbox 957 1717 1139 1764; x_wconf 88' lang='lat' dir='ltr'>fuerunt,</span> <span class='ocrx_word' id='word_1_186' title='bbox 1155 1719 1228 1758; x_wconf 91' lang='lat' dir='ltr'>sed</span> <span class='ocrx_word' id='word_1_187' title='bbox 1247 1733 1329 1758; x_wconf 91' lang='lat' dir='ltr'>non</span> <span class='ocrx_word' id='word_1_188' title='bbox 1347 1723 1480 1759; x_wconf 88' lang='lat' dir='ltr'>minus</span> 
     </span>
     <span class='ocr_line' id='line_1_27' title="bbox 271 1777 1479 1830; baseline 0.003 -13"><span class='ocrx_word' id='word_1_189' title='bbox 271 1777 448 1817; x_wconf 89' lang='lat' dir='ltr'>iucunda</span> <span class='ocrx_word' id='word_1_190' title='bbox 462 1777 530 1815; x_wconf 86' lang='lat' dir='ltr'>illa</span> <span class='ocrx_word' id='word_1_191' title='bbox 544 1784 759 1830; x_wconf 90' lang='lat' dir='ltr'>perpetua.</span> <span class='ocrx_word' id='word_1_192' title='bbox 804 1778 908 1817; x_wconf 88' lang='lat' dir='ltr'>Cum</span> <span class='ocrx_word' id='word_1_193' title='bbox 924 1782 1033 1818; x_wconf 90' lang='lat' dir='ltr'>enim</span> <span class='ocrx_word' id='word_1_194' title='bbox 1049 1780 1198 1819; x_wconf 89' lang='lat' dir='ltr'>Brutus</span> <span class='ocrx_word' id='word_1_195' title='bbox 1211 1781 1292 1820; x_wconf 93' lang='lat' dir='ltr'>duo</span> <span class='ocrx_word' id='word_1_196' title='bbox 1307 1780 1479 1821; x_wconf 87' lang='lat' dir='ltr'>lectores</span> 
     </span>
    </p>
   </div>
   <div class='ocr_carea' id='block_1_3' title="bbox 587 1873 1174 1911">
    <p class='ocr_par' dir='ltr' id='par_1_7' title="bbox 587 1873 1174 1911">
     <span class='ocr_line' id='line_1_28' title="bbox 587 1873 1174 1911; baseline 0.005 -4"><span class='ocrx_word' id='word_1_197' title='bbox 587 1873 600 1893; x_wconf 84' lang='lat'>²</span> <span class='ocrx_word' id='word_1_198' title='bbox 624 1874 767 1909; x_wconf 76' lang='lat' dir='ltr'>Piderit</span> <span class='ocrx_word' id='word_1_199' title='bbox 779 1887 792 1909; x_wconf 94' lang='lat'>.·</span> <span class='ocrx_word' id='word_1_200' title='bbox 817 1875 933 1908; x_wconf 87' lang='lat' dir='ltr'>dicere</span> <span class='ocrx_word' id='word_1_201' title='bbox 949 1877 1045 1909; x_wconf 88' lang='lat' dir='ltr'>enim</span> <span class='ocrx_word' id='word_1_202' title='bbox 1061 1877 1174 1911; x_wconf 81' lang='lat' dir='ltr'>aiunt.</span> 
     </span>
    </p>
   </div>
   <div class='ocr_carea' id='block_1_4' title="bbox 273 1983 1478 2067">
    <p class='ocr_par' dir='ltr' id='par_1_8' title="bbox 273 1983 1478 2067">
     <span class='ocr_line' id='line_1_29' title="bbox 273 1983 1478 2067; baseline 0.006 -51"><span class='ocrx_word' id='word_1_203' title='bbox 273 1983 514 2067; x_wconf 50' lang='lat' dir='ltr'>11⁰§go2ot113e</span> <span class='ocrx_word' id='word_1_204' title='bbox 544 1985 686 2018; x_wconf 83' lang='lat' dir='ltr'>famous</span> <span class='ocrx_word' id='word_1_205' title='bbox 717 1983 847 2019; x_wconf 77' lang='lat' dir='ltr'>‘causa</span> <span class='ocrx_word' id='word_1_206' title='bbox 871 1985 1052 2024; x_wconf 64' lang='lat' dir='ltr'>Curiana:</span> <span class='ocrx_word' id='word_1_207' title='bbox 1076 1995 1135 2019; x_wconf 85' lang='lat' dir='ltr'>see</span> <span class='ocrx_word' id='word_1_208' title='bbox 1161 1985 1265 2021; x_wconf 91' lang='lat' dir='ltr'>Book</span> <span class='ocrx_word' id='word_1_209' title='bbox 1296 1987 1327 2027; x_wconf 90' lang='lat'>1.</span> <span class='ocrx_word' id='word_1_210' title='bbox 1351 1990 1368 2027; x_wconf 67' lang='lat' dir='ltr'>fl</span> <span class='ocrx_word' id='word_1_211' title='bbox 1402 1990 1478 2028; x_wconf 81' lang='lat'>180,</span> 
     </span>
    </p>
   </div>
   <div class='ocr_carea' id='block_1_5' title="bbox 272 2091 349 2126">
    <p class='ocr_par' dir='ltr' id='par_1_9' title="bbox 272 2091 349 2126">
     <span class='ocr_line' id='line_1_30' title="bbox 272 2091 349 2126; baseline -0.013 0"><span class='ocrx_word' id='word_1_212' title='bbox 272 2091 349 2126; x_wconf 82' lang='lat'>360</span> 
     </span>
    </p>
   </div>
  </div>
 </body>
</html>
