1560 2294
749 115 954 157 CICERO

244 218 288 254 in
324 216 551 257 Antonium
590 221 854 259 coniecerunt
871 232 882 267 3
929 226 974 260 et
1007 221 1076 261 ille
1095 236 1105 261 z
1151 222 1308 262 Audite
1343 237 1454 273 vero,

244 281 400 329 audite,
418 285 565 336 inquit.
624 284 846 324 Hominem
876 289 985 326 enim
1014 287 1190 327 audietis
1219 288 1273 327 de
1301 288 1453 336 schola,

244 352 370 400 atque
390 361 416 387 a
432 351 629 402 magistro
649 356 693 389 et
713 351 880 390 Graecis
903 352 1052 392 litteris
1076 353 1311 401 eruditum;
1339 360 1384 394 et
1403 368 1453 394 eo

243 413 411 465 quidem
443 414 587 467 loquar
620 416 907 464 confidentius,
941 418 1053 470 quod
1085 418 1256 458 Catulus
1291 419 1454 460 auditor

243 482 427 526 accessit,
442 483 507 519 cui
521 494 605 520 non
619 482 750 521 solum
765 496 838 522 nos
855 482 995 522 Latini
1009 487 1222 531 sermonis,
1236 485 1311 525 sed
1326 488 1452 525 etiam

243 543 390 583 Graeci
413 548 490 597 ipsi
515 546 650 586 solent
674 561 772 587 suae
797 548 963 601 linguae
988 550 1263 590 subtilitatem
1288 551 1453 604 elegan-

180 618 225 652 29
242 612 426 663 tiamque
464 613 701 652 concedere.
757 613 840 653 Sed
876 617 973 667 quia
1009 621 1152 655 tamen
1187 615 1266 655 hoc
1301 622 1452 664 totum,

242 676 442 729 quidquid
470 683 548 724 est,
577 680 662 718 sive
691 679 922 727 artificium,
951 683 1035 720 sive
1064 681 1247 721 studium
1275 682 1452 730 dicendi,

241 743 318 780 nisi
341 746 512 782 accessit
535 757 593 790 os,
617 745 774 784 nullum
796 751 937 797 potest
960 759 1063 793 esse,
1086 747 1243 787 docebo
1265 761 1350 794 vos,
1372 748 1452 787 dis-

242 807 377 859 cipuli,
408 809 519 860 quod
547 812 635 861 ipse
665 823 748 849 non
778 811 914 858 didici,
945 812 1045 864 quid
1073 813 1127 852 de
1156 815 1268 852 omni
1296 826 1450 866 genere

241 872 403 912 dicendi
421 877 611 914 sentiam.

178 952 223 985 30
293 939 371 978 Hic
390 946 662 992 posteaquam
683 945 921 989 arriserunt,
941 943 1023 982 Res
1043 943 1143 982 mihi
1163 944 1326 984 videtur
1346 958 1449 992 esse,

239 1007 387 1057 inquit,
403 1004 603 1045 facultate
618 1007 843 1058 praeclara,
859 1014 949 1047 arte
964 1009 1193 1048 mediocris.
1240 1010 1319 1050 Ars
1340 1013 1450 1049 enim

240 1083 382 1109 earum
415 1084 552 1111 rerum
587 1078 665 1118 est,
700 1086 807 1125 quae
841 1077 1025 1113 sciuntur
1043 1087 1053 1121 ;
1101 1078 1272 1114 oratoris
1307 1082 1448 1115 autem

240 1139 370 1175 omnis
407 1139 514 1176 actio
553 1139 824 1189 opinionibus,
862 1153 944 1178 non
986 1142 1158 1179 scientia
1199 1144 1447 1181 continetur.

241 1202 347 1240 Nam
365 1207 408 1241 et
425 1203 535 1254 apud
552 1216 621 1242 eos
638 1203 825 1251 dicimus,
838 1208 908 1257 qui
921 1209 1123 1252 nesciunt,
1139 1212 1183 1245 et
1198 1219 1249 1246 ea
1263 1207 1447 1254 dicimus,

240 1281 346 1320 quae
361 1271 563 1307 nescimus
575 1271 652 1321 ipsi
667 1283 677 1308 ι
705 1272 848 1322 itaque
862 1276 906 1309 et
917 1271 975 1309 illi
990 1271 1088 1310 alias
1101 1271 1212 1311 aliud
1224 1272 1380 1312 eisdem
1395 1273 1448 1312 de

239 1334 361 1372 rebus
381 1339 425 1372 et
442 1337 628 1373 sentiunt
652 1340 696 1374 et
718 1335 903 1375 iudicant
927 1342 971 1375 et
990 1350 1064 1376 nos
1082 1341 1305 1377 contrarias
1323 1351 1447 1390 saepe

239 1412 381 1438 causas
399 1399 584 1446 dicimuS,
602 1414 685 1439 non
701 1401 824 1440 modo
842 1407 890 1440 ut
908 1402 1075 1442 Crassus
1093 1409 1236 1442 contra
1252 1417 1320 1442 me
1337 1403 1448 1443 dicat

241 1464 474 1517 aliquando,
508 1471 581 1504 aut
615 1479 693 1519 ego
726 1473 869 1506 contra
895 1467 1101 1515 Crassum,
1132 1482 1227 1508 cum
1260 1469 1447 1508 alterutri

240 1543 407 1569 necesse
429 1533 483 1570 sit
503 1530 652 1570 falsum
673 1532 824 1579 dicere,
846 1533 919 1572 sed
942 1537 1068 1573 etiam
1090 1539 1139 1574 ut
1159 1540 1335 1587 uterque
1356 1548 1447 1574 nos-

238 1601 349 1635 trum
370 1596 516 1635 eadem
530 1597 583 1636 de
603 1611 647 1636 re
668 1598 765 1637 alias
786 1598 896 1638 aliud
916 1598 1129 1646 defendat,
1143 1614 1236 1639 cum
1255 1600 1345 1652 plus
1365 1614 1446 1640 uno

239 1675 380 1701 verum
411 1675 499 1701 esse
533 1677 615 1702 non
644 1667 785 1715 possit.
842 1665 903 1704 Ut
932 1667 1058 1718 igitur
1086 1668 1129 1704 in
1159 1666 1358 1705 eiusmodi
1386 1679 1446 1713 re,

238 1741 345 1779 quae
363 1728 576 1767 mendacio
594 1732 691 1768 nixa
710 1732 777 1776 sit,
795 1743 902 1782 quae
921 1731 974 1769 ad
991 1733 1205 1770 scientiam
1222 1745 1305 1771 non
1321 1745 1445 1783 saepe

237 1796 465 1844 perveniat,
484 1807 591 1847 quae
610 1797 820 1847 opiniones
840 1795 1065 1843 hominum,
1084 1802 1129 1836 et
1146 1810 1271 1849 saepe
1290 1810 1445 1836 errores

282 1985 298 2001 ⁰
321 1981 516 2015 Facultate.
562 1981 747 2026 Similarly
772 1982 942 2017 Aristotle
972 1983 1150 2018 describes
1179 1983 1330 2018 rhetorio
1358 1994 1399 2019 as
1422 1995 1446 2019 a

237 2024 380 2067 δύναμις,
398 2028 461 2059 not
476 2036 498 2059 a
511 2024 610 2070 τέχνη
626 2026 746 2069 (Rhoe.
766 2026 795 2061 I.
812 2027 848 2060 fi.
868 2026 914 2071 1).

238 2080 312 2116 218
