1560 2294
740 121 944 160 CICERO

234 228 362 265 etiam
383 239 435 264 ex
455 227 595 276 scripti
615 227 975 276 interpretatione,
995 226 1037 262 in
1057 238 1139 276 quo
1160 230 1234 264 aut
1253 225 1446 278 ambigue

233 286 333 338 quid
347 288 400 324 sit
414 288 626 336 scriptum,
642 290 715 323 aut
729 287 947 330 contrarie,
962 290 1035 323 aut
1049 287 1123 330 ita,
1137 290 1186 323 ut
1200 298 1225 323 a
1238 288 1447 325 sententia

233 348 431 397 scriptum
470 344 668 383 dissideat
687 357 696 383 z
750 343 812 382 his
852 349 994 382 autem
1033 345 1221 383 omnibus
1259 345 1446 396 partibus

151 410 212 443 141
234 406 420 444 subiecta
461 404 668 456 quaedam
714 417 804 442 esse
847 409 1094 456 argumenta
1134 407 1310 456 propria.
1365 404 1447 444 Sed

234 478 463 510 causarum,
479 477 586 516 quae
602 466 685 502 sint
701 477 725 501 a
741 466 947 502 communi
963 466 1206 515 quaestione
1221 466 1447 511 seiunctae,

233 527 386 577 partim
403 527 446 562 in
463 524 621 562 iudiciis
645 526 811 569 versari,
829 526 980 574 partim
998 526 1041 561 in
1059 523 1448 571 deliberationibus;

236 598 325 623 esse
360 587 487 623 etiam
520 597 651 636 genus
685 586 871 629 tertium,
905 583 1017 635 quod
1049 586 1092 621 in
1124 583 1339 622 laudandis
1375 590 1449 623 aut

235 643 516 696 vituperandis
550 643 783 682 hominibus
816 649 1041 694 poneretur
1059 656 1069 689 ;
1112 649 1330 696 certosque
1360 657 1449 683 esse

235 704 358 750 locos,
378 704 526 756 quibus
545 706 588 741 in
610 703 767 742 iudiciis
787 708 1013 749 uteremur,
1032 706 1075 741 in
1094 704 1242 756 quibus
1262 706 1449 756 aequitas

236 769 506 816 quaereretur
524 776 534 809 ;
569 763 667 802 alios
686 766 729 801 in
748 763 1127 810 deliberationibus,
1147 766 1217 816 qui
1235 777 1377 802 omnes
1397 764 1450 803 ad

236 825 463 863 utilitatem
478 823 755 875 dirigerentur
770 836 926 868 eorum,
943 823 1091 874 quibus
1106 822 1319 862 consilium
1333 823 1451 862 dare-

236 897 327 922 mus
346 897 356 923 :
394 883 493 922 alios
515 885 619 921 item
640 885 683 921 in
705 882 1025 928 laudationibus,
1047 885 1090 920 in
1113 883 1261 935 quibus
1284 883 1338 921 ad
1358 896 1450 935 per-

154 954 218 988 142
237 957 428 982 sonarum
465 942 715 995 dignitatem
756 944 894 981 omnia
933 941 1199 981 referrentur.
1263 942 1450 995 Cumque

237 1008 348 1042 esset
367 1004 498 1041 omnis
518 1005 690 1041 oratoris
709 1004 768 1040 vis
789 1015 836 1040 ac
854 1001 1030 1040 facultas
1049 1004 1092 1040 in
1111 1004 1293 1054 quinque
1312 1008 1452 1054 partes

237 1063 479 1108 distributa3
505 1068 553 1100 ut
567 1062 742 1100 deberet
755 1064 935 1113 reperire
949 1064 1142 1113 primum,
1155 1061 1255 1114 quid
1269 1061 1442 1108 diceret;

238 1122 389 1161 deinde
405 1124 575 1160 inventa
590 1135 673 1160 non
688 1121 819 1159 solum
835 1121 992 1167 ordine,
1009 1121 1083 1160 sed
1099 1124 1226 1160 etiam
1241 1127 1452 1161 momento

238 1181 418 1234 quodam
442 1187 568 1233 atque
591 1181 741 1219 iudicio
764 1181 1002 1232 dispensare
1025 1186 1152 1233 atque
1177 1194 1423 1233 componere
1442 1194 1453 1228 ;

239 1248 330 1280 tum
351 1254 401 1279 ea
421 1241 601 1292 denique
622 1243 773 1279 vestire
795 1246 922 1292 atque
943 1253 1088 1279 ornare
1109 1243 1294 1279 oratione
1314 1253 1324 1287 ;
1358 1246 1453 1292 post

238 1303 437 1340 memoria
457 1303 616 1351 saepire
632 1313 642 1346 ;
673 1300 727 1338 ad
748 1306 982 1339 extremum
997 1313 1122 1352 agere
1138 1313 1231 1338 cum
1246 1300 1452 1352 dignitate

158 1378 222 1412 143
240 1375 288 1400 ac
316 1366 564 1399 venustate:
609 1362 737 1399 etiam
764 1360 834 1398 illa
862 1373 1096 1412 cognoram,
1126 1365 1171 1399 et
1199 1373 1453 1412 acceperam,

241 1426 466 1473 antequam
485 1420 538 1459 de
557 1433 602 1459 re
622 1420 865 1467 diceremus,
884 1422 1001 1459 initio
1020 1420 1292 1459 conciliandos
1313 1434 1454 1459 eorum

241 1494 331 1520 esse
352 1483 522 1527 animos,
543 1483 614 1532 qui
635 1480 827 1519 audirent
845 1492 855 1526 ;
891 1480 1041 1518 deinde
1061 1493 1150 1518 rem
1170 1479 1454 1519 demonstran-

241 1541 337 1580 dam
355 1553 365 1586 ;
397 1546 544 1592 postea
560 1542 878 1579 controversiam
896 1539 1229 1578 constituendam
1247 1552 1258 1586 ;
1289 1545 1380 1578 tum
1396 1540 1452 1586 id,

240 1601 351 1653 quod
375 1614 448 1639 nos
472 1600 797 1646 intenderemus,
821 1599 1145 1638 confirmandum
1165 1612 1175 1646 ;
1212 1604 1321 1651 post,
1345 1613 1452 1652 quae

239 1666 383 1699 contra
409 1660 658 1706 dicerentur,
684 1658 941 1705 refellenda3
983 1665 1171 1698 extrema
1198 1665 1339 1698 autem
1366 1672 1454 1698 ora-

241 1723 368 1766 tione,
403 1733 466 1766 ea,
501 1733 608 1772 quae
642 1733 716 1771 pro
750 1720 867 1758 nobis
902 1725 1055 1765 essent,
1090 1718 1377 1770 amplificanda
1411 1725 1455 1758 et

240 1779 432 1832 augenda
450 1792 460 1826 3
491 1793 682 1832 quaeque
699 1784 838 1818 essent
853 1793 926 1830 pro
943 1779 1198 1825 adversariis,
1212 1778 1457 1818 infirmanda

242 1846 368 1892 atque
387 1838 630 1892 frangenda.

290 1981 306 1998 ⁰
328 1976 443 2011 These
475 1977 542 2010 loci
572 1987 769 2011 communes
794 1987 855 2010 are
885 1976 946 2010 the
969 1975 977 1990 ‘
990 1974 1115 2009 stock’
1146 1978 1355 2019 arguments
1381 1975 1453 2010 aud

244 2020 388 2065 general
404 2019 589 2055 reflexions
606 2020 759 2055 referred
777 2023 814 2054 to
830 2022 866 2054 in
882 2022 899 2059 ἓ
916 2022 960 2053 56
976 2030 1101 2062 supra.

243 2085 293 2128 98
