1560 2294
761 72 967 112 CICERO

257 178 458 229 cognorit,
477 175 530 215 de
555 189 605 215 ea
623 175 755 215 multo
779 176 891 215 dicat
913 179 1110 223 ornatius,
1129 189 1254 229 quam
1276 175 1345 216 ille
1366 178 1470 229 ipse,

192 243 239 277 ⁶8
259 254 369 293 unde
395 256 593 306 cognorit.
649 253 732 292 Sed
756 256 789 292 si
813 267 882 292 me
908 254 1099 301 audierit,
1124 257 1318 307 quoniam
1341 254 1471 307 philo-

257 331 401 384 sophia
421 335 464 371 in
485 338 570 371 tres
592 338 732 384 partes
755 338 820 371 est
841 333 1012 379 tributa,
1034 335 1077 371 in
1098 339 1272 372 naturae
1293 333 1472 372 obscuri·-

257 416 405 458 tatem,
438 413 483 449 in
516 410 744 450 disserendi
778 411 1069 458 subtilitatem,
1102 414 1146 450 in
1179 413 1308 450 vitam
1342 417 1470 464 atque

256 502 420 536 mores;
466 489 548 528 duo
579 489 649 528 illa
678 489 972 542 relinquamus,
1002 490 1128 542 idque
1158 490 1380 543 largiamur
1409 493 1469 529 in-

258 571 387 607 ertiae
412 573 577 607 nostrae
596 581 606 607 :
645 571 817 606 tertium
841 582 952 615 vero,
976 568 1087 622 quod
1111 581 1274 620 semper
1297 570 1468 608 oratoris

257 645 350 693 fuit,
367 649 445 686 nisi
462 647 710 693 tenebimus,
728 646 828 685 nihil
845 649 1011 694 oratori,
1027 649 1071 685 in
1087 661 1169 699 quo
1186 660 1360 700 magnus
1377 659 1467 686 esse

195 721 239 755 69
257 728 400 777 possit,
437 725 729 777 relinquemus.
785 725 923 774 Quare
960 725 1026 764 hic
1061 725 1174 765 locus
1210 725 1264 765 de
1301 728 1387 765 vita
1421 731 1467 765 et

256 805 436 843 moribus
453 809 566 843 totus
583 809 648 843 est
663 806 814 843 oratori
829 803 1122 856 perdiscendus
1141 818 1150 843 :
1181 810 1322 843 cetera
1336 807 1370 843 si
1384 817 1467 843 non

257 882 460 929 didicerit,
482 888 626 921 tamen
647 885 816 934 poterit,
839 885 872 921 si
895 882 1060 935 quando
1082 896 1184 934 opus
1208 885 1300 929 erit,
1322 895 1467 922 ornare

257 960 446 1007 dicendo,
465 963 498 999 si
516 961 639 1000 modo
659 966 782 1000 erunt
800 960 854 1000 ad
873 974 968 999 eum
987 960 1141 1007 delata,
1161 966 1205 1000 et
1222 961 1390 1000 tradita.

309 1039 421 1078 XVI.
451 1039 619 1078 Etenim
654 1041 688 1078 si
724 1044 887 1078 constat
924 1041 1034 1078 inter
1069 1039 1225 1086 doctos,
1259 1038 1467 1078 hominem

258 1119 447 1170 ignarum
473 1116 732 1170 astrologiae,
756 1117 933 1156 Aratum
957 1120 1222 1156 ornatissimis
1247 1123 1373 1170 atque
1397 1131 1469 1170 op-

258 1197 369 1236 timis
385 1196 581 1242 versibus,
597 1195 650 1235 de
665 1195 778 1235 coelo
794 1196 1005 1248 stellisque
1021 1196 1171 1235 dixisse
1189 1209 1200 1243 ;
1229 1198 1263 1235 si
1278 1196 1330 1235 de
1345 1197 1467 1236 rebus

258 1277 418 1313 rusticis
439 1274 648 1313 hominem
670 1275 723 1313 ab
745 1288 843 1327 agro
863 1277 1196 1321 remotissimum,
1218 1274 1467 1314 Nicandrum

259 1351 570 1404 Colophonium,
588 1355 752 1405 poetica
771 1353 950 1405 quadam
968 1351 1183 1399 facultate,
1202 1366 1284 1391 non
1302 1355 1468 1399 rustica,

260 1433 466 1483 scripsisse
498 1431 738 1483 praeclare:
785 1431 884 1483 quid
917 1436 995 1477 est,
1028 1444 1099 1470 cur
1131 1444 1214 1470 non
1245 1436 1383 1470 orator
1413 1430 1467 1470 de

261 1510 383 1548 rebus
428 1511 486 1548 eis
532 1509 865 1561 eloquentissime
906 1509 1031 1556 dicat,
1069 1522 1171 1562 quas
1215 1509 1268 1548 ad
1311 1514 1467 1548 certam

196 1595 241 1629 70
262 1601 426 1626 causam
461 1593 709 1639 tempusque
743 1588 962 1640 cognorit?
1015 1587 1093 1626 Est
1128 1590 1238 1626 enim
1273 1587 1468 1626 finitimus

259 1669 410 1704 oratori
446 1671 587 1718 poeta,
624 1668 803 1704 numeris
842 1668 1044 1704 astrictior
1079 1665 1218 1717 paulo,
1251 1666 1466 1704 verborum

260 1750 401 1783 autem
418 1744 583 1783 licentia
599 1744 776 1790 liberior,
793 1744 931 1782 multis
948 1757 1043 1782 vero
1060 1743 1231 1782 ornandi
1246 1744 1466 1796 generibus

260 1825 404 1868 socius,
435 1836 482 1861 ac
511 1836 644 1874 paene
674 1835 776 1874 par;
820 1825 863 1860 in
892 1821 968 1860 hoc
998 1822 1165 1874 quidem
1194 1827 1307 1861 certe
1335 1835 1464 1874 prope

260 1900 384 1947 idem,
415 1900 534 1939 nullis
565 1906 612 1939 ut
643 1903 827 1939 terminis
858 1900 1160 1939 circumscribat
1190 1905 1263 1939 aut
1292 1899 1463 1940 definiat

259 2034 310 2070 50
