<?xml version="1.0" encoding="UTF-8"?>
<!DOCTYPE html PUBLIC "-//W3C//DTD XHTML 1.0 Transitional//EN"
    "http://www.w3.org/TR/xhtml1/DTD/xhtml1-transitional.dtd">
<html xmlns="http://www.w3.org/1999/xhtml" xml:lang="en" lang="en">
 <head>
  <title>
</title>
<meta http-equiv="Content-Type" content="text/html;charset=utf-8" />
  <meta name='ocr-system' content='tesseract 3.04.00' />
  <meta name='ocr-capabilities' content='ocr_page ocr_carea ocr_par ocr_line ocrx_word'/>
</head>
<body>
  <div class='ocr_page' id='page_1' title='image "./cicerodeoratore01ciceuoft_0382.png"; bbox 0 0 1560 2294; ppageno 0'>
   <div class='ocr_carea' id='block_1_1' title="bbox 772 125 976 165">
    <p class='ocr_par' dir='ltr' id='par_1_1' title="bbox 772 125 976 165">
     <span class='ocr_line' id='line_1_1' title="bbox 772 125 976 165; baseline 0.005 -1"><span class='ocrx_word' id='word_1_1' title='bbox 772 125 976 165; x_wconf 84' lang='lat' dir='ltr'>CICERO</span> 
     </span>
    </p>
   </div>
   <div class='ocr_carea' id='block_1_2' title="bbox 182 228 1478 2043">
    <p class='ocr_par' dir='ltr' id='par_1_2' title="bbox 266 228 1478 605">
     <span class='ocr_line' id='line_1_2' title="bbox 269 228 1478 282; baseline 0.003 -16"><span class='ocrx_word' id='word_1_2' title='bbox 269 240 393 279; x_wconf 84' lang='lat' dir='ltr'><strong>quam</strong></span> <span class='ocrx_word' id='word_1_3' title='bbox 408 228 619 275; x_wconf 86' lang='lat' dir='ltr'><strong>defendas,</strong></span> <span class='ocrx_word' id='word_1_4' title='bbox 634 234 708 268; x_wconf 87' lang='lat' dir='ltr'><strong>aut</strong></span> <span class='ocrx_word' id='word_1_5' title='bbox 726 229 972 282; x_wconf 86' lang='lat' dir='ltr'><strong>dignitatem</strong></span> <span class='ocrx_word' id='word_1_6' title='bbox 991 233 1125 270; x_wconf 90' lang='lat' dir='ltr'><strong>inesse</strong></span> <span class='ocrx_word' id='word_1_7' title='bbox 1144 235 1218 269; x_wconf 82' lang='lat' dir='ltr'><strong>aut</strong></span> <span class='ocrx_word' id='word_1_8' title='bbox 1237 230 1478 277; x_wconf 77' lang='lat' dir='ltr'><strong>utilitatem,</strong></span> 
     </span>
     <span class='ocr_line' id='line_1_3' title="bbox 269 297 1478 350; baseline 0.003 -17"><span class='ocrx_word' id='word_1_9' title='bbox 269 307 461 347; x_wconf 89' lang='lat' dir='ltr'><strong>eumque,</strong></span> <span class='ocrx_word' id='word_1_10' title='bbox 485 299 550 334; x_wconf 91' lang='lat' dir='ltr'><strong>cui</strong></span> <span class='ocrx_word' id='word_1_11' title='bbox 576 297 764 335; x_wconf 88' lang='lat' dir='ltr'><strong>concilies</strong></span> <span class='ocrx_word' id='word_1_12' title='bbox 793 297 901 336; x_wconf 90' lang='lat' dir='ltr'><strong>hunc</strong></span> <span class='ocrx_word' id='word_1_13' title='bbox 928 311 1124 344; x_wconf 87' lang='lat' dir='ltr'><strong>amorem,</strong></span> <span class='ocrx_word' id='word_1_14' title='bbox 1150 298 1353 350; x_wconf 87' lang='lat' dir='ltr'><strong>significes</strong></span> <span class='ocrx_word' id='word_1_15' title='bbox 1377 297 1478 337; x_wconf 89' lang='lat' dir='ltr'><strong>nihil</strong></span> 
     </span>
     <span class='ocr_line' id='line_1_4' title="bbox 268 362 1477 405; baseline 0.004 -5"><span class='ocrx_word' id='word_1_16' title='bbox 268 362 321 400; x_wconf 83' lang='lat' dir='ltr'><strong>ad</strong></span> <span class='ocrx_word' id='word_1_17' title='bbox 339 362 565 403; x_wconf 77' lang='lat' dir='ltr'><strong>utilitatem</strong></span> <span class='ocrx_word' id='word_1_18' title='bbox 588 378 704 402; x_wconf 90' lang='lat' dir='ltr'><strong>suam</strong></span> <span class='ocrx_word' id='word_1_19' title='bbox 727 365 935 403; x_wconf 84' lang='lat' dir='ltr'><strong>rettulisse</strong></span> <span class='ocrx_word' id='word_1_20' title='bbox 955 378 1002 404; x_wconf 89' lang='lat' dir='ltr'><strong>ac</strong></span> <span class='ocrx_word' id='word_1_21' title='bbox 1021 365 1121 403; x_wconf 89' lang='lat' dir='ltr'><strong>nihil</strong></span> <span class='ocrx_word' id='word_1_22' title='bbox 1144 368 1309 405; x_wconf 89' lang='lat' dir='ltr'><strong>omnino</strong></span> <span class='ocrx_word' id='word_1_23' title='bbox 1330 364 1477 405; x_wconf 86' lang='lat' dir='ltr'><strong>fecisse</strong></span> 
     </span>
     <span class='ocr_line' id='line_1_5' title="bbox 266 432 1478 485; baseline 0.003 -17"><span class='ocrx_word' id='word_1_24' title='bbox 266 443 390 469; x_wconf 86' lang='lat' dir='ltr'><strong>causa</strong></span> <span class='ocrx_word' id='word_1_25' title='bbox 417 444 503 471; x_wconf 89' lang='lat' dir='ltr'><strong>sua.</strong></span> <span class='ocrx_word' id='word_1_26' title='bbox 555 432 770 471; x_wconf 88' lang='lat' dir='ltr'><strong>Invidetur</strong></span> <span class='ocrx_word' id='word_1_27' title='bbox 794 435 903 471; x_wconf 90' lang='lat' dir='ltr'><strong>enim</strong></span> <span class='ocrx_word' id='word_1_28' title='bbox 929 433 1153 472; x_wconf 87' lang='lat' dir='ltr'><strong>commodis</strong></span> <span class='ocrx_word' id='word_1_29' title='bbox 1178 433 1391 472; x_wconf 90' lang='lat' dir='ltr'><strong>hominum</strong></span> <span class='ocrx_word' id='word_1_30' title='bbox 1416 435 1478 485; x_wconf 87' lang='lat' dir='ltr'><strong>ip-</strong></span> 
     </span>
     <span class='ocr_line' id='line_1_6' title="bbox 267 499 1476 544; baseline 0.003 -8"><span class='ocrx_word' id='word_1_31' title='bbox 267 511 417 544; x_wconf 90' lang='lat' dir='ltr'><strong>sorum,</strong></span> <span class='ocrx_word' id='word_1_32' title='bbox 455 499 600 538; x_wconf 91' lang='lat' dir='ltr'><strong>studiis</strong></span> <span class='ocrx_word' id='word_1_33' title='bbox 642 506 784 539; x_wconf 84' lang='lat' dir='ltr'><strong>autem</strong></span> <span class='ocrx_word' id='word_1_34' title='bbox 822 514 965 539; x_wconf 88' lang='lat' dir='ltr'><strong>eorum</strong></span> <span class='ocrx_word' id='word_1_35' title='bbox 1001 503 1150 540; x_wconf 89' lang='lat' dir='ltr'><strong>ceteris</strong></span> <span class='ocrx_word' id='word_1_36' title='bbox 1191 500 1476 540; x_wconf 85' lang='lat' dir='ltr'><strong>commodandi</strong></span> 
     </span>
     <span class='ocr_line' id='line_1_7' title="bbox 266 564 442 605; baseline 0.011 -2"><span class='ocrx_word' id='word_1_37' title='bbox 266 564 442 605; x_wconf 86' lang='lat' dir='ltr'><strong>favetur.</strong></span> 
     </span>
    </p>

    <p class='ocr_par' dir='ltr' id='par_1_3' title="bbox 183 633 1478 1363">
     <span class='ocr_line' id='line_1_8' title="bbox 183 633 1478 689; baseline -0.001 -12"><span class='ocrx_word' id='word_1_38' title='bbox 183 644 248 677; x_wconf 88' lang='grc'><strong>208</strong></span> <span class='ocrx_word' id='word_1_39' title='bbox 320 633 639 687; x_wconf 86' lang='lat' dir='ltr'><strong>Videndumque</strong></span> <span class='ocrx_word' id='word_1_40' title='bbox 662 635 739 675; x_wconf 88' lang='lat' dir='ltr'><strong>hoc</strong></span> <span class='ocrx_word' id='word_1_41' title='bbox 764 636 853 675; x_wconf 90' lang='lat' dir='ltr'><strong>loco</strong></span> <span class='ocrx_word' id='word_1_42' title='bbox 873 642 952 683; x_wconf 90' lang='lat' dir='ltr'><strong>est,</strong></span> <span class='ocrx_word' id='word_1_43' title='bbox 971 649 1039 683; x_wconf 87' lang='lat' dir='ltr'><strong>ne,</strong></span> <span class='ocrx_word' id='word_1_44' title='bbox 1059 650 1161 689; x_wconf 87' lang='lat' dir='ltr'><strong>quos</strong></span> <span class='ocrx_word' id='word_1_45' title='bbox 1180 637 1234 676; x_wconf 91' lang='lat' dir='ltr'><strong>ob</strong></span> <span class='ocrx_word' id='word_1_46' title='bbox 1256 635 1478 676; x_wconf 81' lang='lat' dir='ltr'><strong>benefacta</strong></span> 
     </span>
     <span class='ocr_line' id='line_1_9' title="bbox 265 701 1477 757; baseline 0.004 -18"><span class='ocrx_word' id='word_1_47' title='bbox 265 701 379 754; x_wconf 80' lang='lat' dir='ltr'><strong>diligi</strong></span> <span class='ocrx_word' id='word_1_48' title='bbox 415 703 612 749; x_wconf 89' lang='lat' dir='ltr'><strong>volemus,</strong></span> <span class='ocrx_word' id='word_1_49' title='bbox 649 717 790 743; x_wconf 92' lang='lat' dir='ltr'><strong>eorum</strong></span> <span class='ocrx_word' id='word_1_50' title='bbox 825 704 992 743; x_wconf 88' lang='lat' dir='ltr'><strong>laudem</strong></span> <span class='ocrx_word' id='word_1_51' title='bbox 1028 710 1155 756; x_wconf 81' lang='lat' dir='ltr'><strong>atque</strong></span> <span class='ocrx_word' id='word_1_52' title='bbox 1191 704 1377 757; x_wconf 78' lang='lat' dir='ltr'><strong>gloriam,</strong></span> <span class='ocrx_word' id='word_1_53' title='bbox 1411 706 1477 744; x_wconf 88' lang='lat' dir='ltr'><strong>cui</strong></span> 
     </span>
     <span class='ocr_line' id='line_1_10' title="bbox 264 771 1476 825; baseline 0.002 -17"><span class='ocrx_word' id='word_1_54' title='bbox 264 773 444 809; x_wconf 86' lang='lat' dir='ltr'><strong>maxime</strong></span> <span class='ocrx_word' id='word_1_55' title='bbox 457 771 629 810; x_wconf 85' lang='lat' dir='ltr'><strong>invideri</strong></span> <span class='ocrx_word' id='word_1_56' title='bbox 642 772 761 818; x_wconf 88' lang='lat' dir='ltr'><strong>solet,</strong></span> <span class='ocrx_word' id='word_1_57' title='bbox 774 775 893 811; x_wconf 93' lang='lat' dir='ltr'><strong>nimis</strong></span> <span class='ocrx_word' id='word_1_58' title='bbox 907 771 1052 811; x_wconf 89' lang='lat' dir='ltr'><strong>efferre</strong></span> <span class='ocrx_word' id='word_1_59' title='bbox 1064 772 1288 811; x_wconf 87' lang='lat' dir='ltr'><strong>videamur.</strong></span> <span class='ocrx_word' id='word_1_60' title='bbox 1333 772 1476 825; x_wconf 88' lang='lat' dir='ltr'><strong>Atque</strong></span> 
     </span>
     <span class='ocr_line' id='line_1_11' title="bbox 265 838 1476 880; baseline 0.002 -3"><span class='ocrx_word' id='word_1_61' title='bbox 265 838 420 877; x_wconf 89' lang='lat' dir='ltr'><strong>eisdem</strong></span> <span class='ocrx_word' id='word_1_62' title='bbox 440 838 502 877; x_wconf 81' lang='lat' dir='ltr'><strong>his</strong></span> <span class='ocrx_word' id='word_1_63' title='bbox 518 853 570 878; x_wconf 87' lang='lat' dir='ltr'><strong>ex</strong></span> <span class='ocrx_word' id='word_1_64' title='bbox 589 839 687 878; x_wconf 91' lang='lat' dir='ltr'><strong>locis</strong></span> <span class='ocrx_word' id='word_1_65' title='bbox 705 846 750 879; x_wconf 90' lang='lat' dir='ltr'><strong>et</strong></span> <span class='ocrx_word' id='word_1_66' title='bbox 765 842 808 878; x_wconf 91' lang='lat' dir='ltr'><strong>in</strong></span> <span class='ocrx_word' id='word_1_67' title='bbox 827 841 925 879; x_wconf 86' lang='lat' dir='ltr'><strong>alios</strong></span> <span class='ocrx_word' id='word_1_68' title='bbox 943 841 1083 880; x_wconf 89' lang='lat' dir='ltr'><strong>odium</strong></span> <span class='ocrx_word' id='word_1_69' title='bbox 1097 846 1257 880; x_wconf 88' lang='lat' dir='ltr'><strong>struere</strong></span> <span class='ocrx_word' id='word_1_70' title='bbox 1274 841 1476 880; x_wconf 86' lang='lat' dir='ltr'><strong>discemus</strong></span> 
     </span>
     <span class='ocr_line' id='line_1_12' title="bbox 265 907 1477 962; baseline 0.003 -18"><span class='ocrx_word' id='word_1_71' title='bbox 265 911 310 945; x_wconf 91' lang='lat' dir='ltr'><strong>et</strong></span> <span class='ocrx_word' id='word_1_72' title='bbox 342 919 368 944; x_wconf 83' lang='lat' dir='ltr'><strong>a</strong></span> <span class='ocrx_word' id='word_1_73' title='bbox 400 908 516 946; x_wconf 88' lang='lat' dir='ltr'><strong>nobis</strong></span> <span class='ocrx_word' id='word_1_74' title='bbox 551 921 598 946; x_wconf 88' lang='lat' dir='ltr'><strong>ac</strong></span> <span class='ocrx_word' id='word_1_75' title='bbox 631 911 779 947; x_wconf 82' lang='lat' dir='ltr'><strong>nostris</strong></span> <span class='ocrx_word' id='word_1_76' title='bbox 814 909 1063 955; x_wconf 90' lang='lat' dir='ltr'><strong>demovere;</strong></span> <span class='ocrx_word' id='word_1_77' title='bbox 1111 909 1342 962; x_wconf 86' lang='lat' dir='ltr'><strong>eademque</strong></span> <span class='ocrx_word' id='word_1_78' title='bbox 1373 907 1477 948; x_wconf 83' lang='lat' dir='ltr'><strong>haee</strong></span> 
     </span>
     <span class='ocr_line' id='line_1_13' title="bbox 266 975 1477 1026; baseline 0.003 -14"><span class='ocrx_word' id='word_1_79' title='bbox 266 987 421 1026; x_wconf 86' lang='lat' dir='ltr'><strong>genera</strong></span> <span class='ocrx_word' id='word_1_80' title='bbox 438 976 656 1015; x_wconf 86' lang='lat' dir='ltr'><strong>tractanda</strong></span> <span class='ocrx_word' id='word_1_81' title='bbox 679 982 775 1015; x_wconf 86' lang='lat' dir='ltr'><strong>sunt</strong></span> <span class='ocrx_word' id='word_1_82' title='bbox 798 979 841 1014; x_wconf 91' lang='lat' dir='ltr'><strong>in</strong></span> <span class='ocrx_word' id='word_1_83' title='bbox 858 977 1068 1016; x_wconf 83' lang='lat' dir='ltr'><strong>iracundia</strong></span> <span class='ocrx_word' id='word_1_84' title='bbox 1086 977 1152 1016; x_wconf 88' lang='lat' dir='ltr'><strong>vel</strong></span> <span class='ocrx_word' id='word_1_85' title='bbox 1171 977 1390 1016; x_wconf 84' lang='lat' dir='ltr'><strong>excitanda</strong></span> <span class='ocrx_word' id='word_1_86' title='bbox 1411 975 1477 1016; x_wconf 88' lang='lat' dir='ltr'><strong>vel</strong></span> 
     </span>
     <span class='ocr_line' id='line_1_14' title="bbox 265 1043 1477 1097; baseline 0.002 -16"><span class='ocrx_word' id='word_1_87' title='bbox 265 1043 461 1082; x_wconf 85' lang='lat' dir='ltr'><strong>sedanda.</strong></span> <span class='ocrx_word' id='word_1_88' title='bbox 505 1044 613 1082; x_wconf 91' lang='lat' dir='ltr'><strong>Nam</strong></span> <span class='ocrx_word' id='word_1_89' title='bbox 625 1047 673 1091; x_wconf 92' lang='lat' dir='ltr'><strong>si,</strong></span> <span class='ocrx_word' id='word_1_90' title='bbox 682 1045 794 1096; x_wconf 92' lang='lat' dir='ltr'><strong>quod</strong></span> <span class='ocrx_word' id='word_1_91' title='bbox 805 1047 916 1096; x_wconf 90' lang='lat' dir='ltr'><strong>ipsis,</strong></span> <span class='ocrx_word' id='word_1_92' title='bbox 925 1048 996 1097; x_wconf 90' lang='lat' dir='ltr'><strong>qui</strong></span> <span class='ocrx_word' id='word_1_93' title='bbox 1009 1045 1477 1097; x_wconf 88' lang='lat' dir='ltr'><strong>audiunt,perniciosum</strong></span> 
     </span>
     <span class='ocr_line' id='line_1_15' title="bbox 264 1111 1477 1165; baseline 0.002 -16"><span class='ocrx_word' id='word_1_94' title='bbox 264 1116 338 1150; x_wconf 85' lang='lat' dir='ltr'><strong>aut</strong></span> <span class='ocrx_word' id='word_1_95' title='bbox 373 1112 518 1150; x_wconf 90' lang='lat' dir='ltr'><strong>inutile</strong></span> <span class='ocrx_word' id='word_1_96' title='bbox 550 1115 617 1158; x_wconf 93' lang='lat' dir='ltr'><strong>sit,</strong></span> <span class='ocrx_word' id='word_1_97' title='bbox 648 1112 691 1151; x_wconf 89' lang='lat' dir='ltr'><strong>id</strong></span> <span class='ocrx_word' id='word_1_98' title='bbox 725 1111 883 1151; x_wconf 91' lang='lat' dir='ltr'><strong>factum</strong></span> <span class='ocrx_word' id='word_1_99' title='bbox 919 1126 1087 1165; x_wconf 85' lang='lat' dir='ltr'><strong>augeas,</strong></span> <span class='ocrx_word' id='word_1_100' title='bbox 1118 1113 1258 1152; x_wconf 90' lang='lat' dir='ltr'><strong>odium</strong></span> <span class='ocrx_word' id='word_1_101' title='bbox 1289 1118 1477 1159; x_wconf 80' lang='lat' dir='ltr'><strong>creatur3</strong></span> 
     </span>
     <span class='ocr_line' id='line_1_16' title="bbox 265 1180 1475 1233; baseline 0.003 -17"><span class='ocrx_word' id='word_1_102' title='bbox 265 1182 341 1224; x_wconf 92' lang='lat' dir='ltr'><strong>sin,</strong></span> <span class='ocrx_word' id='word_1_103' title='bbox 354 1180 466 1231; x_wconf 93' lang='lat' dir='ltr'><strong>quod</strong></span> <span class='ocrx_word' id='word_1_104' title='bbox 481 1183 610 1218; x_wconf 82' lang='lat' dir='ltr'><strong>autin</strong></span> <span class='ocrx_word' id='word_1_105' title='bbox 626 1181 754 1219; x_wconf 90' lang='lat' dir='ltr'><strong>bonos</strong></span> <span class='ocrx_word' id='word_1_106' title='bbox 770 1183 874 1219; x_wconf 88' lang='lat' dir='ltr'><strong>viros</strong></span> <span class='ocrx_word' id='word_1_107' title='bbox 891 1187 964 1219; x_wconf 89' lang='lat' dir='ltr'><strong>aut</strong></span> <span class='ocrx_word' id='word_1_108' title='bbox 978 1184 1021 1219; x_wconf 91' lang='lat' dir='ltr'><strong>in</strong></span> <span class='ocrx_word' id='word_1_109' title='bbox 1037 1195 1120 1227; x_wconf 90' lang='lat' dir='ltr'><strong>eos,</strong></span> <span class='ocrx_word' id='word_1_110' title='bbox 1135 1184 1178 1220; x_wconf 93' lang='lat' dir='ltr'><strong>in</strong></span> <span class='ocrx_word' id='word_1_111' title='bbox 1191 1194 1292 1233; x_wconf 91' lang='lat' dir='ltr'><strong>quos</strong></span> <span class='ocrx_word' id='word_1_112' title='bbox 1307 1183 1475 1220; x_wconf 80' lang='lat' dir='ltr'><strong>minime</strong></span> 
     </span>
     <span class='ocr_line' id='line_1_17' title="bbox 265 1248 1474 1300; baseline 0.002 -15"><span class='ocrx_word' id='word_1_113' title='bbox 265 1249 438 1299; x_wconf 90' lang='lat' dir='ltr'><strong>quisque</strong></span> <span class='ocrx_word' id='word_1_114' title='bbox 454 1248 659 1294; x_wconf 89' lang='lat' dir='ltr'><strong>debuerit,</strong></span> <span class='ocrx_word' id='word_1_115' title='bbox 672 1255 746 1287; x_wconf 86' lang='lat' dir='ltr'><strong>aut</strong></span> <span class='ocrx_word' id='word_1_116' title='bbox 760 1251 804 1286; x_wconf 90' lang='lat' dir='ltr'><strong>in</strong></span> <span class='ocrx_word' id='word_1_117' title='bbox 819 1262 907 1287; x_wconf 91' lang='lat' dir='ltr'><strong>rem</strong></span> <span class='ocrx_word' id='word_1_118' title='bbox 918 1249 1140 1300; x_wconf 90' lang='lat' dir='ltr'><strong>publicam,</strong></span> <span class='ocrx_word' id='word_1_119' title='bbox 1152 1255 1243 1288; x_wconf 90' lang='lat' dir='ltr'><strong>tum</strong></span> <span class='ocrx_word' id='word_1_120' title='bbox 1256 1251 1474 1295; x_wconf 84' lang='lat' dir='ltr'><strong>excitatur,</strong></span> 
     </span>
     <span class='ocr_line' id='line_1_18' title="bbox 264 1317 1475 1363; baseline 0.002 -10"><span class='ocrx_word' id='word_1_121' title='bbox 264 1317 298 1353; x_wconf 88' lang='lat' dir='ltr'><strong>si</strong></span> <span class='ocrx_word' id='word_1_122' title='bbox 322 1328 405 1354; x_wconf 90' lang='lat' dir='ltr'><strong>non</strong></span> <span class='ocrx_word' id='word_1_123' title='bbox 428 1321 516 1354; x_wconf 88' lang='lat' dir='ltr'><strong>tam</strong></span> <span class='ocrx_word' id='word_1_124' title='bbox 541 1317 735 1355; x_wconf 90' lang='lat' dir='ltr'><strong>acerbum</strong></span> <span class='ocrx_word' id='word_1_125' title='bbox 759 1317 913 1363; x_wconf 90' lang='lat' dir='ltr'><strong>odium,</strong></span> <span class='ocrx_word' id='word_1_126' title='bbox 937 1322 1080 1355; x_wconf 86' lang='lat' dir='ltr'><strong>tamen</strong></span> <span class='ocrx_word' id='word_1_127' title='bbox 1104 1323 1178 1356; x_wconf 81' lang='lat' dir='ltr'><strong>aut</strong></span> <span class='ocrx_word' id='word_1_128' title='bbox 1200 1317 1378 1356; x_wconf 84' lang='lat' dir='ltr'><strong>invidiae</strong></span> <span class='ocrx_word' id='word_1_129' title='bbox 1401 1321 1475 1355; x_wconf 80' lang='lat' dir='ltr'><strong>aut</strong></span> 
     </span>
    </p>

    <p class='ocr_par' dir='ltr' id='par_1_4' title="bbox 182 1383 1474 1641">
     <span class='ocr_line' id='line_1_19' title="bbox 182 1383 1474 1424; baseline 0 -1"><span class='ocrx_word' id='word_1_130' title='bbox 182 1390 247 1423; x_wconf 86' lang='lat'><strong>209</strong></span> <span class='ocrx_word' id='word_1_131' title='bbox 265 1383 346 1422; x_wconf 91' lang='lat' dir='ltr'><strong>odii</strong></span> <span class='ocrx_word' id='word_1_132' title='bbox 361 1397 443 1422; x_wconf 94' lang='lat' dir='ltr'><strong>non</strong></span> <span class='ocrx_word' id='word_1_133' title='bbox 458 1383 660 1423; x_wconf 89' lang='lat' dir='ltr'><strong>dissimilis</strong></span> <span class='ocrx_word' id='word_1_134' title='bbox 677 1383 858 1424; x_wconf 88' lang='lat' dir='ltr'><strong>offensio.</strong></span> <span class='ocrx_word' id='word_1_135' title='bbox 914 1385 1023 1424; x_wconf 92' lang='lat' dir='ltr'><strong>Item</strong></span> <span class='ocrx_word' id='word_1_136' title='bbox 1042 1387 1166 1424; x_wconf 85' lang='lat' dir='ltr'><strong>timor</strong></span> <span class='ocrx_word' id='word_1_137' title='bbox 1184 1387 1382 1424; x_wconf 89' lang='lat' dir='ltr'><strong>incutitur</strong></span> <span class='ocrx_word' id='word_1_138' title='bbox 1401 1389 1474 1423; x_wconf 85' lang='lat' dir='ltr'><strong>aut</strong></span> 
     </span>
     <span class='ocr_line' id='line_1_20' title="bbox 264 1453 1474 1504; baseline 0.001 -14"><span class='ocrx_word' id='word_1_139' title='bbox 264 1465 316 1491; x_wconf 84' lang='lat' dir='ltr'><strong>ex</strong></span> <span class='ocrx_word' id='word_1_140' title='bbox 344 1455 525 1504; x_wconf 90' lang='lat' dir='ltr'><strong>ipsorum</strong></span> <span class='ocrx_word' id='word_1_141' title='bbox 552 1453 742 1504; x_wconf 88' lang='lat' dir='ltr'><strong>periculis</strong></span> <span class='ocrx_word' id='word_1_142' title='bbox 769 1459 842 1492; x_wconf 84' lang='lat' dir='ltr'><strong>aut</strong></span> <span class='ocrx_word' id='word_1_143' title='bbox 871 1467 923 1492; x_wconf 88' lang='lat' dir='ltr'><strong>ex</strong></span> <span class='ocrx_word' id='word_1_144' title='bbox 951 1454 1263 1492; x_wconf 87' lang='lat' dir='ltr'><strong>communibus:</strong></span> <span class='ocrx_word' id='word_1_145' title='bbox 1305 1455 1474 1493; x_wconf 88' lang='lat' dir='ltr'><strong>interior</strong></span> 
     </span>
     <span class='ocr_line' id='line_1_21' title="bbox 264 1520 1472 1574; baseline 0.002 -16"><span class='ocrx_word' id='word_1_146' title='bbox 264 1526 328 1559; x_wconf 90' lang='lat' dir='ltr'><strong>est</strong></span> <span class='ocrx_word' id='word_1_147' title='bbox 352 1520 420 1559; x_wconf 92' lang='lat' dir='ltr'><strong>ille</strong></span> <span class='ocrx_word' id='word_1_148' title='bbox 446 1524 649 1572; x_wconf 88' lang='lat' dir='ltr'><strong>proprius,</strong></span> <span class='ocrx_word' id='word_1_149' title='bbox 667 1521 742 1560; x_wconf 90' lang='lat' dir='ltr'><strong>sed</strong></span> <span class='ocrx_word' id='word_1_150' title='bbox 769 1520 835 1560; x_wconf 91' lang='lat' dir='ltr'><strong>hic</strong></span> <span class='ocrx_word' id='word_1_151' title='bbox 861 1535 1026 1574; x_wconf 92' lang='lat' dir='ltr'><strong>quoque</strong></span> <span class='ocrx_word' id='word_1_152' title='bbox 1052 1524 1278 1561; x_wconf 89' lang='lat' dir='ltr'><strong>communis</strong></span> <span class='ocrx_word' id='word_1_153' title='bbox 1301 1521 1355 1561; x_wconf 82' lang='lat' dir='ltr'><strong>ad</strong></span> <span class='ocrx_word' id='word_1_154' title='bbox 1378 1535 1472 1561; x_wconf 83' lang='lat' dir='ltr'><strong>ean-</strong></span> 
     </span>
     <span class='ocr_line' id='line_1_22' title="bbox 262 1589 1084 1641; baseline 0.004 -15"><span class='ocrx_word' id='word_1_155' title='bbox 262 1589 358 1627; x_wconf 93' lang='lat' dir='ltr'><strong>dem</strong></span> <span class='ocrx_word' id='word_1_156' title='bbox 376 1589 686 1628; x_wconf 87' lang='lat' dir='ltr'><strong>similitudinem</strong></span> <span class='ocrx_word' id='word_1_157' title='bbox 704 1595 768 1628; x_wconf 88' lang='lat' dir='ltr'><strong>est</strong></span> <span class='ocrx_word' id='word_1_158' title='bbox 784 1590 1084 1641; x_wconf 89' lang='lat' dir='ltr'><strong>perducendus.</strong></span> 
     </span>
    </p>

    <p class='ocr_par' dir='ltr' id='par_1_5' title="bbox 258 1656 1473 2043">
     <span class='ocr_line' id='line_1_23' title="bbox 317 1656 1473 1710; baseline 0.002 -15"><span class='ocrx_word' id='word_1_159' title='bbox 317 1656 411 1696; x_wconf 89' lang='lat' dir='ltr'><strong>LII.</strong></span> <span class='ocrx_word' id='word_1_160' title='bbox 442 1656 521 1694; x_wconf 85' lang='lat' dir='ltr'><strong>Par</strong></span> <span class='ocrx_word' id='word_1_161' title='bbox 540 1663 666 1709; x_wconf 86' lang='lat' dir='ltr'><strong>atque</strong></span> <span class='ocrx_word' id='word_1_162' title='bbox 687 1671 769 1696; x_wconf 87' lang='lat' dir='ltr'><strong>una</strong></span> <span class='ocrx_word' id='word_1_163' title='bbox 787 1661 893 1696; x_wconf 86' lang='lat' dir='ltr'><strong>ratio</strong></span> <span class='ocrx_word' id='word_1_164' title='bbox 913 1663 977 1696; x_wconf 85' lang='lat' dir='ltr'><strong>est</strong></span> <span class='ocrx_word' id='word_1_165' title='bbox 996 1661 1098 1710; x_wconf 89' lang='lat' dir='ltr'><strong>spei,</strong></span> <span class='ocrx_word' id='word_1_166' title='bbox 1113 1658 1314 1705; x_wconf 82' lang='lat' dir='ltr'><strong>laetitiae,</strong></span> <span class='ocrx_word' id='word_1_167' title='bbox 1328 1657 1473 1697; x_wconf 87' lang='lat' dir='ltr'><strong>moles-</strong></span> 
     </span>
     <span class='ocr_line' id='line_1_24' title="bbox 264 1724 1472 1778; baseline 0.002 -15"><span class='ocrx_word' id='word_1_168' title='bbox 264 1727 373 1771; x_wconf 87' lang='lat' dir='ltr'><strong>tiae;</strong></span> <span class='ocrx_word' id='word_1_169' title='bbox 402 1725 477 1764; x_wconf 90' lang='lat' dir='ltr'><strong>sed</strong></span> <span class='ocrx_word' id='word_1_170' title='bbox 494 1724 606 1764; x_wconf 90' lang='lat' dir='ltr'><strong>haud</strong></span> <span class='ocrx_word' id='word_1_171' title='bbox 625 1728 750 1764; x_wconf 88' lang='lat' dir='ltr'><strong>sciam</strong></span> <span class='ocrx_word' id='word_1_172' title='bbox 770 1739 823 1764; x_wconf 87' lang='lat' dir='ltr'><strong>an</strong></span> <span class='ocrx_word' id='word_1_173' title='bbox 843 1728 1061 1764; x_wconf 86' lang='lat' dir='ltr'><strong>acerrimus</strong></span> <span class='ocrx_word' id='word_1_174' title='bbox 1081 1726 1203 1778; x_wconf 87' lang='lat' dir='ltr'><strong>longe</strong></span> <span class='ocrx_word' id='word_1_175' title='bbox 1218 1729 1273 1765; x_wconf 92' lang='lat' dir='ltr'><strong>sit</strong></span> <span class='ocrx_word' id='word_1_176' title='bbox 1290 1729 1472 1765; x_wconf 89' lang='lat' dir='ltr'><strong>omnium</strong></span> 
     </span>
     <span class='ocr_line' id='line_1_25' title="bbox 263 1793 1472 1846; baseline 0.002 -15"><span class='ocrx_word' id='word_1_177' title='bbox 263 1798 399 1831; x_wconf 84' lang='lat' dir='ltr'><strong>motus</strong></span> <span class='ocrx_word' id='word_1_178' title='bbox 437 1793 615 1832; x_wconf 86' lang='lat' dir='ltr'><strong>invidiae</strong></span> <span class='ocrx_word' id='word_1_179' title='bbox 654 1807 730 1832; x_wconf 91' lang='lat' dir='ltr'><strong>nec</strong></span> <span class='ocrx_word' id='word_1_180' title='bbox 767 1797 901 1832; x_wconf 88' lang='lat' dir='ltr'><strong>minus</strong></span> <span class='ocrx_word' id='word_1_181' title='bbox 940 1796 1085 1832; x_wconf 87' lang='lat' dir='ltr'><strong>virium</strong></span> <span class='ocrx_word' id='word_1_182' title='bbox 1122 1807 1224 1846; x_wconf 88' lang='lat' dir='ltr'><strong>opus</strong></span> <span class='ocrx_word' id='word_1_183' title='bbox 1256 1796 1311 1833; x_wconf 84' lang='lat' dir='ltr'><strong>sit</strong></span> <span class='ocrx_word' id='word_1_184' title='bbox 1346 1797 1390 1833; x_wconf 91' lang='lat' dir='ltr'><strong>in</strong></span> <span class='ocrx_word' id='word_1_185' title='bbox 1422 1807 1472 1833; x_wconf 79' lang='lat' dir='ltr'><strong>ea</strong></span> 
     </span>
     <span class='ocr_line' id='line_1_26' title="bbox 261 1861 1471 1912; baseline 0.002 -13"><span class='ocrx_word' id='word_1_186' title='bbox 261 1861 568 1912; x_wconf 84' lang='lat' dir='ltr'><strong>comprimenda</strong></span> <span class='ocrx_word' id='word_1_187' title='bbox 596 1875 721 1912; x_wconf 85' lang='lat' dir='ltr'><strong>quam</strong></span> <span class='ocrx_word' id='word_1_188' title='bbox 749 1864 791 1900; x_wconf 91' lang='lat' dir='ltr'><strong>in</strong></span> <span class='ocrx_word' id='word_1_189' title='bbox 821 1861 1052 1900; x_wconf 86' lang='lat' dir='ltr'><strong>excitanda.</strong></span> <span class='ocrx_word' id='word_1_190' title='bbox 1109 1861 1303 1901; x_wconf 88' lang='lat' dir='ltr'><strong>Invident</strong></span> <span class='ocrx_word' id='word_1_191' title='bbox 1330 1867 1471 1901; x_wconf 81' lang='lat' dir='ltr'><strong>autem</strong></span> 
     </span>
     <span class='ocr_line' id='line_1_27' title="bbox 259 1928 1470 1980; baseline 0.002 -14"><span class='ocrx_word' id='word_1_192' title='bbox 259 1928 445 1967; x_wconf 90' lang='lat' dir='ltr'><strong>homines</strong></span> <span class='ocrx_word' id='word_1_193' title='bbox 478 1931 658 1967; x_wconf 87' lang='lat' dir='ltr'><strong>maxime</strong></span> <span class='ocrx_word' id='word_1_194' title='bbox 692 1930 858 1980; x_wconf 89' lang='lat' dir='ltr'><strong>paribus</strong></span> <span class='ocrx_word' id='word_1_195' title='bbox 892 1935 966 1968; x_wconf 87' lang='lat' dir='ltr'><strong>aut</strong></span> <span class='ocrx_word' id='word_1_196' title='bbox 1001 1928 1274 1975; x_wconf 85' lang='lat' dir='ltr'><strong>inferioribus,</strong></span> <span class='ocrx_word' id='word_1_197' title='bbox 1300 1942 1394 1968; x_wconf 91' lang='lat' dir='ltr'><strong>cum</strong></span> <span class='ocrx_word' id='word_1_198' title='bbox 1426 1942 1470 1968; x_wconf 90' lang='lat' dir='ltr'><strong>se</strong></span> 
     </span>
     <span class='ocr_line' id='line_1_28' title="bbox 258 1995 1470 2043; baseline 0.002 -10"><span class='ocrx_word' id='word_1_199' title='bbox 258 1995 422 2035; x_wconf 87' lang='lat' dir='ltr'><strong>relictos</strong></span> <span class='ocrx_word' id='word_1_200' title='bbox 455 1998 655 2042; x_wconf 86' lang='lat' dir='ltr'><strong>sentiunt,</strong></span> <span class='ocrx_word' id='word_1_201' title='bbox 683 1997 771 2035; x_wconf 90' lang='lat' dir='ltr'><strong>illos</strong></span> <span class='ocrx_word' id='word_1_202' title='bbox 806 2002 948 2035; x_wconf 84' lang='lat' dir='ltr'><strong>autem</strong></span> <span class='ocrx_word' id='word_1_203' title='bbox 981 1996 1124 2036; x_wconf 87' lang='lat' dir='ltr'><strong>dolent</strong></span> <span class='ocrx_word' id='word_1_204' title='bbox 1153 1996 1334 2036; x_wconf 81' lang='lat' dir='ltr'><strong>evolasse</strong></span> <span class='ocrx_word' id='word_1_205' title='bbox 1349 2009 1360 2043; x_wconf 89' lang='grc'><strong>;</strong></span> <span class='ocrx_word' id='word_1_206' title='bbox 1396 1996 1470 2036; x_wconf 85' lang='lat' dir='ltr'><strong>sed</strong></span> 
     </span>
    </p>
   </div>
   <div class='ocr_carea' id='block_1_3' title="bbox 259 2086 336 2121">
    <p class='ocr_par' dir='ltr' id='par_1_6' title="bbox 259 2086 336 2121">
     <span class='ocr_line' id='line_1_29' title="bbox 259 2086 336 2121; baseline 0 0"><span class='ocrx_word' id='word_1_207' title='bbox 259 2086 336 2121; x_wconf 87' lang='grc'><strong>350</strong></span> 
     </span>
    </p>
   </div>
  </div>
 </body>
</html>
