1560 2294
738 109 943 149 CICERO

234 217 382 270 quibus
405 220 650 269 argmenta
672 226 888 260 eruamus;
923 226 1030 266 quae
1053 212 1220 265 quidem
1241 211 1443 258 omnibus,

235 281 306 330 qui
319 291 368 316 ea
380 277 642 316 mediocriter
653 275 775 314 modo
788 274 1097 320 considerarint,
1110 273 1246 312 studio
1259 271 1443 312 adhibito

236 345 281 377 et
305 352 381 377 usu
403 342 660 390 pertractata
680 349 769 374 esse
789 340 961 387 possunt
978 347 989 381 ;
1022 334 1096 373 sed
1118 339 1262 373 tamen
1284 335 1443 372 animus

235 398 475 438 referendus
502 403 567 436 est
593 397 647 436 ad
673 410 723 435 ea
752 398 889 448 capita
916 401 960 434 et
983 395 1037 434 ad
1060 394 1163 441 illos,
1189 407 1291 447 quos
1319 407 1443 446 saepe

235 463 318 499 iam
351 459 567 511 appellavi,
599 458 723 504 locos,
753 470 806 496 ex
839 458 987 509 quibus
1025 458 1162 495 omnia
1195 455 1248 494 ad
1279 468 1444 494 omnem

154 537 215 569 147
235 524 464 560 orationem
486 522 656 558 inventa
679 518 897 557 ducuntur.
955 517 1096 569 Atque
1119 515 1197 555 hoc
1219 521 1356 555 totum
1380 521 1445 554 est

236 585 320 620 sive
356 583 455 620 artis
490 583 575 619 sive
611 579 971 618 animadversionis
1012 580 1097 616 sive
1138 576 1444 616 consuetudinis

237 656 356 682 nosse
393 643 597 694 regiones,
628 643 740 679 intra
772 652 874 692 quas
910 651 1061 677 venere
1095 643 1141 677 et
1176 640 1446 690 pervestiges,

238 703 349 756 quod
372 715 557 755 quaeras.
615 701 700 740 Ubi
731 714 825 739 eum
848 700 983 739 locum
1006 712 1171 738 omnem
1194 701 1444 751 cogitatione

238 766 452 816 saepseris,
478 765 511 801 si
536 762 659 801 modo
688 775 764 800 usu
797 774 935 800 rerum
962 759 1237 812 percallueris,
1267 758 1367 798 nihil
1399 765 1444 799 te

238 825 409 878 effugiet
432 829 559 876 atque
583 836 719 868 omne,
739 821 851 874 quod
877 823 956 860 erit
976 823 1019 859 in
1037 834 1096 867 re,
1115 825 1301 859 occurret
1319 826 1446 873 atque

237 886 404 925 incidet.

288 944 458 984 XXXV.
487 944 544 982 Et
567 945 638 989 sic,
668 956 762 982 cum
795 942 849 980 ad
880 940 1174 980 inveniendum
1202 943 1246 979 in
1273 940 1447 980 dicendo

237 1009 317 1045 tria
337 1008 419 1044 sint
438 1018 447 1043 z
484 1016 671 1049 acumen,
693 1002 843 1041 deinde
864 1003 984 1047 ratio,
1005 1014 1130 1053 quam
1149 1000 1261 1046 licet,
1282 1003 1316 1039 si
1336 1000 1446 1040 volu-

236 1080 342 1113 mus,
387 1064 640 1117 appellemus
686 1068 833 1109 artem,
877 1065 1048 1101 tertium
1093 1061 1320 1114 diligentia,
1364 1075 1447 1102 non

236 1141 402 1180 possum
427 1125 620 1178 equidem
643 1138 726 1163 non
747 1125 913 1175 ingenio
936 1125 1088 1174 primas
1114 1122 1354 1169 concedere,
1373 1123 1447 1162 sed

237 1195 380 1227 tamen
401 1190 535 1239 ipsum
555 1187 767 1238 ingenium
789 1184 1003 1236 diligentia
1025 1186 1152 1222 etiam
1174 1196 1226 1222 ex
1247 1183 1447 1223 tarditate

157 1265 219 1298 148
238 1252 412 1294 incitat;
450 1247 679 1299 diligentia,
707 1248 889 1297 inquam,
915 1258 1022 1296 quae
1057 1258 1150 1283 cum
1184 1245 1371 1283 omnibus
1404 1247 1447 1284 in

238 1310 360 1348 rebus
393 1314 483 1346 tum
515 1309 558 1345 in
595 1308 726 1344 causis
764 1303 1035 1344 defendendis
1067 1304 1289 1356 plurimum
1321 1304 1444 1344 valet.

240 1370 355 1408 Haec
391 1369 610 1420 praecipue
646 1365 818 1404 colenda
854 1370 918 1403 est
953 1364 1098 1410 nobis3
1147 1363 1250 1403 haec
1285 1377 1448 1416 semper

240 1427 502 1473 adhibenda3
549 1426 652 1465 haec
686 1424 786 1463 nihil
823 1430 887 1463 est
925 1424 1036 1476 quod
1072 1437 1155 1463 non
1192 1430 1446 1476 assequatur.

240 1490 374 1529 Causa
392 1494 440 1526 ut
458 1489 638 1539 penitus,
653 1485 764 1538 quod
782 1487 899 1524 initio
919 1485 1017 1530 dixi,
1037 1490 1137 1523 nota
1151 1486 1218 1531 sit,
1234 1484 1448 1537 diligentia

239 1556 304 1589 est
322 1563 332 1596 ;
364 1555 412 1588 ut
429 1548 705 1588 adversarium
723 1551 886 1585 attente
907 1545 1120 1584 audiamus
1140 1550 1267 1597 atque
1291 1551 1338 1584 ut
1361 1548 1447 1586 eius

238 1625 320 1649 non
352 1609 483 1648 solum
514 1609 756 1652 sententias,
788 1606 863 1645 sed
894 1608 1022 1644 etiam
1053 1605 1179 1644 verba
1209 1608 1346 1644 omnia
1378 1619 1448 1645 ex-

238 1674 450 1723 cipiamus,
482 1668 616 1708 voltus
649 1667 828 1719 denique
866 1668 1158 1718 perspiciamus
1192 1679 1348 1712 omnes,
1377 1669 1447 1719 qui

158 1749 221 1782 149
239 1744 381 1770 sensus
401 1732 526 1769 animi
544 1728 787 1780 plerumque
810 1727 1008 1772 indicant,
1028 1726 1243 1778 diligentia
1263 1732 1340 1766 est.
1397 1727 1448 1767 Id

238 1799 381 1831 tamen
406 1789 709 1830 dissimulanter
732 1787 883 1834 facere,
909 1801 961 1826 ne
986 1788 1062 1826 sibi
1086 1787 1154 1826 ille
1179 1787 1333 1839 aliquid
1355 1801 1448 1839 pro·

240 1854 361 1892 ficere
376 1851 578 1896 videatur,
593 1849 814 1902 prudentia
829 1853 905 1887 est.
964 1847 1128 1886 Deinde
1144 1853 1192 1886 ut
1206 1850 1248 1886 in
1263 1850 1321 1886 eis
1336 1847 1446 1895 locis,

241 1927 341 1966 quos
370 1924 595 1964 proponam
623 1909 745 1962 paulo
774 1914 882 1961 post,
911 1908 1171 1960 pervolvatur
1200 1910 1372 1954 animus,
1401 1914 1448 1948 ut

241 1977 405 2026 penitus
425 1974 604 2011 insinuet
623 1973 664 2009 in
684 1983 862 2016 causam,
882 1975 930 2008 ut
948 1971 1001 2007 sit
1020 1981 1116 2007 cura
1136 1974 1180 2007 et
1198 1971 1447 2021 cogitatione

242 2083 319 2118 304
