1526 2288
719 76 924 118 CICERO

217 190 270 216 ex
308 180 453 225 causis,
492 192 594 231 quas
633 180 825 228 diximus,
863 187 929 221 tot
967 185 1179 236 tantisque
1217 185 1424 223 consecuti

215 265 368 299 sumus,
389 252 543 305 aliquid
566 254 722 293 eisdem
745 254 798 294 de
821 256 944 295 rebus
966 256 1132 308 politius
1156 271 1181 296 a
1199 258 1315 297 nobis
1334 271 1425 310 per-

212 323 445 378 fectiusque
463 326 636 378 proferri
654 342 664 367 :
697 328 885 381 solesque
903 343 1198 383 nonnunquam
1214 330 1292 370 hac
1309 331 1362 371 de
1379 344 1425 370 re

213 412 239 437 a
259 413 328 439 me
350 402 394 438 in
416 400 763 452 disputationibus
786 406 935 443 nostris
958 404 1190 452 dissentire,
1213 405 1324 458 quod
1346 418 1424 458 ego

212 473 623 524 prudentissimorum
672 475 885 516 hominum
938 479 1095 517 artibus
1146 478 1424 532 eloquentiam

213 550 414 586 contineri
449 554 662 596 statuam3
712 556 761 589 tu
801 556 942 590 autem
979 552 1090 591 illam
1127 553 1180 591 ab
1217 552 1425 605 elegantia

213 619 424 660 doctrinae
448 623 748 675 segregandam
770 630 908 676 putes,
933 631 977 664 et
999 628 1043 664 in
1066 626 1246 678 quodam
1267 629 1422 679 ingenii

214 700 340 746 atque
360 699 665 736 exercitationis
683 711 837 750 genere
855 699 1103 751 ponendam.

172 775 194 809 6
263 769 326 807 Ac
341 768 441 808 mihi
458 770 627 822 quidem
643 785 941 823 saepenumero
965 776 1008 811 in
1025 787 1204 813 summos
1220 773 1422 822 homines,

210 855 258 880 ac
284 845 452 882 summis
478 846 653 896 ingeniis
680 845 890 897 praeditos
916 849 1111 894 intuenti,
1138 848 1420 900 quaerendum

209 928 298 954 esse
330 919 461 956 visum
493 923 571 965 est,
602 919 702 971 quid
735 925 859 967 esset,
890 934 962 959 cur
991 921 1128 973 plures
1158 923 1202 960 in
1231 922 1420 962 omnibus

207 990 378 1037 artibus,
412 1004 537 1043 quam
569 994 612 1031 in
645 992 819 1032 dicendo
852 994 1112 1034 admirabiles
1146 998 1417 1035 exstitissent.

208 1062 329 1110 Nam,
345 1078 604 1118 quocumque
619 1071 664 1105 te
680 1069 816 1106 animo
831 1073 876 1107 et
890 1070 1142 1121 cogitatione
1156 1072 1419 1116 converteris,

206 1138 433 1189 permultos
453 1139 704 1179 excellentes
723 1143 766 1179 in
789 1155 954 1194 quoque
973 1156 1128 1195 genere
1146 1142 1318 1190 videbis,
1337 1157 1419 1183 non

166 1225 186 1257 7
205 1212 475 1251 mediocrium
508 1216 674 1261 artium,
707 1215 782 1254 sed
814 1229 943 1268 prope
975 1219 1261 1256 maximarum.
1316 1217 1417 1266 Quis

208 1288 317 1324 enim
338 1292 416 1333 est,
437 1289 521 1339 qui,
542 1290 575 1326 si
595 1288 795 1327 clarorum
815 1289 1027 1329 hominum
1047 1293 1260 1330 scientiam
1279 1304 1416 1330 rerum

205 1364 417 1412 gestarum
442 1360 508 1399 vel
532 1361 714 1402 utilitate
740 1362 806 1402 vel
829 1364 1116 1417 magnitudine
1140 1367 1278 1404 metiri
1302 1364 1415 1412 velit,

206 1446 288 1472 non
319 1439 548 1486 anteponat
579 1438 730 1475 oratori
760 1439 1087 1488 imperatorem?
1140 1438 1242 1487 Quis
1273 1444 1414 1478 autem

205 1507 384 1554 dubitet,
403 1511 502 1560 quin
519 1509 617 1548 belli
634 1509 759 1550 duces
776 1514 1150 1563 praestantissimos
1169 1525 1221 1552 ex
1238 1511 1316 1552 hac
1333 1526 1416 1552 una

204 1583 372 1620 civitate
391 1595 526 1634 paene
551 1584 884 1632 innumerabiles,
908 1587 952 1624 in
977 1585 1151 1625 dicendo
1177 1591 1318 1626 autem
1343 1600 1414 1626 ex-

163 1663 184 1695 8
203 1654 400 1695 cellentes
424 1659 492 1695 vix
514 1670 666 1709 paucos
694 1657 878 1710 proferre
901 1660 1135 1711 possimus?
1189 1659 1279 1699 Iam
1303 1673 1412 1708 vero,

204 1729 369 1768 consilio
397 1743 445 1768 ac
472 1734 676 1782 sapientia
703 1735 774 1784 qui
801 1746 946 1785 regere
974 1747 1022 1772 ac
1048 1734 1280 1786 gubernare
1306 1747 1412 1774 rem-

204 1802 409 1854 publicam
436 1811 619 1855 possent,
645 1806 765 1845 multi
792 1812 945 1853 nostra,
972 1807 1108 1858 plures
1134 1813 1301 1860 patrum
1326 1821 1412 1848 me·

203 1879 345 1923 moria,
369 1882 496 1929 atque
526 1881 653 1918 etiam
681 1881 880 1919 maiorum
910 1883 1174 1928 exstiterunt,
1193 1894 1287 1920 cum
1314 1882 1411 1922 boni

204 1949 350 2002 perdiu
386 1950 499 1998 nulli,
536 1955 602 1991 vix
639 1958 781 1993 autem
816 1953 984 2007 singulis
1020 1955 1228 1994 aetatibus
1263 1956 1408 2010 singuli

203 2031 230 2067 6
