1560 2294
741 109 945 149 CICERO

237 227 305 253 me
325 216 412 266 ipse
434 215 581 254 doceat
602 220 646 253 et
665 220 714 253 ut
733 228 786 253 ne
806 217 896 266 quis
917 213 1018 252 alius
1039 213 1161 260 adsit,
1180 226 1262 266 quo
1280 212 1446 251 liberius

237 281 442 334 loquatur,
475 288 519 321 et
551 296 675 334 agere
707 282 927 321 adversarii
958 295 1137 328 causam,
1168 286 1217 320 ut
1246 280 1315 319 ille
1347 284 1447 333 agat

238 363 354 389 suam
384 357 442 397 et,
472 350 672 402 quidquid
701 351 753 389 de
783 364 857 389 sua
885 363 929 388 re
959 352 1164 402 cogitarit,
1192 351 1236 388 in
1262 348 1446 388 medium

238 417 432 469 proferat.
472 419 620 470 Itaque
636 432 728 457 cum
743 419 811 458 ille
827 419 1026 464 discessit,
1037 423 1122 457 tres
1135 430 1329 468 personas
1341 429 1446 456 unus

237 489 420 526 sustineo
448 501 609 526 summa
634 489 759 525 animi
785 489 1012 538 aequitate,
1037 499 1188 532 meam,
1213 485 1446 530 adversarii,

239 554 394 594 iudicis.
450 554 531 603 Qui
546 554 657 593 locus
674 561 738 593 est
754 555 861 600 talis,
877 560 925 593 ut
939 554 1030 606 plus
1045 553 1200 592 habeat
1219 553 1446 592 adiumenti

238 636 363 674 quam
388 623 648 669 incommodi,
675 622 783 661 hunc
809 623 943 661 iudico
971 635 1061 661 esse
1087 621 1336 668 dicendum3
1376 621 1446 660 ubi

238 690 329 742 plus
346 691 443 730 mali
460 705 585 743 quam
602 691 698 730 boni
715 694 890 743 reperio,
904 690 947 729 id
963 696 1100 729 totum
1115 689 1302 729 abiudico
1320 694 1446 741 atque

156 761 220 795 103
240 762 352 798 eicio.
423 759 490 798 Ita
516 773 723 811 assequor,
746 765 795 799 ut
820 759 898 798 alio
921 764 1109 811 tempore
1132 761 1326 811 cogitem,
1349 756 1448 810 quid

239 827 387 874 dicam,
403 833 447 866 et
467 827 545 866 alio
561 828 694 866 dicam
710 841 719 866 :
748 841 855 879 quae
871 828 952 866 duo
971 827 1156 879 plerique
1171 828 1336 879 ingenio
1350 824 1447 864 freti

239 895 359 933 simul
382 894 564 942 faciunt3
593 895 667 934 sed
690 901 803 934 certe
829 895 964 934 eidem
987 895 1044 933 illi
1067 893 1212 933 melius
1237 894 1447 946 aliquanto

239 964 438 1010 dicerent,
470 967 503 1002 si
535 963 646 1002 aliud
676 964 922 1002 sumendum
953 964 1030 1002 sibi
1060 968 1225 1015 tempus
1256 962 1311 1001 ad
1340 965 1448 1016 cogi·

239 1032 427 1078 tandum,
447 1032 557 1070 aliud
576 1032 630 1070 ad
648 1031 867 1071 dicendum
885 1037 1094 1083 putarent.

154 1103 220 1137 104
291 1100 395 1139 Cum
442 1114 530 1138 rem
576 1102 742 1152 penitus
789 1113 1036 1152 causamque
1079 1101 1264 1152 cognovi,
1305 1101 1447 1138 statim

238 1171 413 1207 occurrit
434 1171 583 1214 animo,
605 1181 711 1220 quae
733 1171 785 1206 sit
806 1181 928 1206 causa
948 1167 1197 1220 ambigendi.
1252 1166 1363 1205 Nihil
1383 1172 1448 1206 est

239 1239 363 1282 enim,
379 1236 490 1288 quod
507 1239 616 1275 inter
633 1236 818 1275 homines
838 1237 1071 1289 ambigatur
1090 1237 1190 1289 (sive
1209 1248 1262 1275 ex
1279 1237 1446 1275 crimine

238 1318 362 1343 causa
389 1310 565 1351 constat,
591 1310 640 1344 ut
665 1303 868 1351 facinoris,
895 1307 979 1343 sive
1007 1317 1060 1343 ex
1085 1306 1373 1351 controversia,
1399 1309 1447 1343 ut

239 1373 496 1419 hereditatis,
529 1375 614 1412 sive
643 1386 695 1412 ex
724 1373 1040 1421 deliberatione,
1063 1378 1112 1412 ut
1143 1372 1255 1419 belli,
1281 1375 1366 1412 sive
1394 1385 1447 1412 ex

239 1454 428 1493 persona,
443 1447 490 1480 ut
509 1441 655 1488 laudis,
671 1443 755 1480 sive
772 1454 824 1480 ex
840 1441 1134 1493 disputatione,
1149 1446 1197 1480 ut
1215 1441 1268 1480 de
1287 1443 1446 1480 ratione

240 1509 418 1562 vivendi)
447 1512 490 1547 in
518 1523 600 1561 quo
628 1523 724 1555 non,
751 1514 823 1547 aut
852 1509 952 1561 quid
975 1508 1133 1548 factum
1161 1511 1229 1555 sit,
1258 1514 1332 1548 aut
1359 1508 1446 1556 fiat,

237 1576 475 1616 futurumve
509 1579 576 1623 sit,
610 1582 846 1630 quaeratur,
880 1582 953 1616 aut
985 1577 1107 1630 quale
1140 1579 1208 1623 sit,
1241 1582 1315 1616 aut
1346 1576 1445 1630 quid

238 1651 418 1684 vocetur.

155 1723 220 1758 105
289 1713 418 1752 XXV.
447 1714 510 1753 Ac
534 1719 698 1753 nostrae
723 1711 813 1752 fere
837 1726 998 1760 causae,
1024 1727 1130 1766 quae
1156 1713 1323 1766 quidem
1347 1719 1444 1754 sunt

239 1785 467 1828 criminum,
482 1782 724 1834 plerumque
743 1782 989 1821 infitiatione
1005 1781 1297 1821 defenduntur.
1337 1781 1444 1822 Nam

239 1857 283 1890 et
309 1851 361 1890 de
390 1853 572 1902 pecuniis
598 1850 852 1901 repetundis,
879 1863 985 1902 quae
1011 1853 1216 1889 maximae
1245 1856 1355 1897 sunt,
1374 1864 1445 1890 ne·-

238 1919 375 1971 ganda
388 1918 475 1958 fere
491 1924 586 1957 sunt
600 1921 751 1964 omnia,
768 1924 811 1956 et
830 1918 882 1957 de
903 1918 1061 1956 ambitu
1080 1931 1171 1957 raro
1190 1918 1290 1958 illud
1308 1918 1444 1965 datur,

239 1993 287 2024 ut
301 1989 428 2038 possis
443 1986 734 2025 liberalitatem
749 1991 875 2038 atque
891 1987 1193 2039 benignitatem
1213 1987 1265 2026 ab
1285 1987 1442 2026 ambitu

240 2079 316 2113 274
