1560 2294
749 113 954 155 CICERO

247 219 421 259 docilem
447 225 491 258 et
516 224 741 265 attentum,
766 219 915 258 deinde
940 232 1028 258 rem
1053 232 1217 258 narrare
1243 224 1288 258 et
1310 221 1384 266 ita,
1407 225 1456 259 ut

247 285 472 325 verisimilis
504 287 683 323 narratio
714 287 781 331 sit,
812 290 860 323 ut
891 289 1048 336 aperta,
1079 290 1127 323 ut
1156 285 1320 331 brevis;
1362 290 1457 337 post

249 357 391 390 autem
412 350 594 389 dividere
616 363 795 396 causam,
817 355 891 388 aut
911 363 1139 401 proponere
1158 362 1168 396 ;
1204 355 1344 389 nostra
1364 363 1458 390 con-

249 417 410 455 firmare
437 418 690 468 argumentis
716 429 763 454 ac
787 416 1013 454 rationibus
1032 428 1042 461 ;
1081 415 1231 454 deinde
1256 418 1459 455 contraria

247 481 430 521 refutare
450 496 459 520 z
496 487 587 520 tum
609 486 751 520 autem
773 481 840 519 alii
862 481 1163 520 conclusionem
1184 483 1392 528 orationis,
1414 486 1459 520 et

248 551 365 600 quasi
390 550 694 599 perorationem
718 547 933 593 collocant,
959 546 1025 585 alii
1049 548 1209 592 iubent,
1234 552 1458 599 antequam

248 619 477 665 peroretur,
496 612 667 652 ornandi
686 618 760 651 aut
779 612 958 664 augendi
976 626 1112 658 causa,
1131 612 1291 664 digredi
1309 612 1458 652 deinde

187 692 229 725 81
249 679 491 718 concludere
531 692 578 717 ac
615 691 818 730 perorare.
875 678 938 716 Ne
976 677 1079 716 haec
1117 678 1285 730 quidem
1322 691 1459 731 repre-

250 745 386 783 hendo
405 759 414 783 :
452 750 549 783 sunt
572 746 681 782 enim
704 746 899 782 concinne
923 743 1142 782 distributa
1160 756 1170 790 3
1207 743 1282 783 sed
1303 749 1458 791 tamen,

249 811 292 850 id
316 810 426 862 quod
449 823 616 848 necesse
639 808 720 848 fuit
741 808 973 848 hominibus
998 810 1236 860 expertibus
1260 812 1459 856 veritatis,

249 890 331 915 non
360 878 506 927 perite.
562 875 679 923 Quae
709 877 819 913 enim
846 880 1071 926 praecepta
1098 877 1387 926 principiorum
1415 880 1460 914 et

250 944 530 980 narrationum
559 954 648 979 esse
676 940 907 986 voluerunt,
936 953 986 978 ea
1012 942 1055 978 in
1082 943 1180 979 totis
1208 941 1459 979 orationibus

187 1016 231 1049 82
249 1014 345 1046 sunt
360 1006 649 1046 conservanda.
695 1006 801 1044 Nam
817 1019 895 1058 ego
909 1005 1009 1044 mihi
1023 1006 1269 1044 benevolum
1283 1005 1459 1045 iudicem

250 1073 406 1111 facilius
418 1071 555 1110 faeere
563 1085 728 1123 possum
738 1085 831 1109 cum
840 1085 929 1109 sum
937 1074 979 1109 in
988 1084 1107 1109 cursu
1119 1073 1327 1118 orationis,
1335 1085 1460 1123 quam

250 1152 344 1177 cum
364 1140 501 1176 omnia
524 1142 620 1175 sunt
643 1137 829 1175 inaudita
847 1149 857 1182 3
892 1136 1066 1175 docilem
1086 1142 1242 1182 autem,
1261 1150 1344 1175 non
1366 1150 1460 1176 eum

251 1204 443 1256 polliceor
470 1216 538 1241 me
567 1202 959 1247 demonstraturum,
980 1201 1054 1240 sed
1082 1207 1187 1247 tum,
1215 1215 1309 1240 eum
1332 1201 1460 1241 doceo

253 1275 297 1308 et
310 1269 506 1320 explano:
527 1273 738 1306 attentum
746 1280 856 1312 vero,
865 1272 956 1306 tota
969 1269 1236 1312 actione‚non
1250 1269 1382 1318 prima
1389 1267 1460 1306 de-

191 1341 234 1374 83
254 1336 512 1372 nuntiatione
526 1333 684 1371 efficere
697 1345 924 1384 possumus.
974 1332 1063 1370 Iam
1076 1345 1171 1371 vero
1183 1335 1460 1372 narrationem

255 1400 366 1452 quod
382 1400 529 1437 iubent
546 1397 807 1437 verisimilem
826 1411 915 1436 esse
934 1403 979 1436 et
997 1403 1198 1449 apertam,
1217 1403 1262 1436 et
1278 1397 1461 1445 brevem,

252 1471 366 1504 recte
395 1477 468 1503 nos
498 1464 744 1509 admonent3
782 1462 892 1515 quod
920 1462 1023 1501 haec
1055 1465 1297 1502 narrationis
1329 1466 1460 1516 magis

253 1536 405 1583 putant
425 1543 514 1568 esse
533 1531 697 1581 propria
717 1542 841 1580 quam
862 1531 989 1566 totius
1005 1531 1213 1574 orationis,
1228 1528 1346 1567 valde
1361 1528 1459 1567 mihi

254 1596 445 1635 videntur
469 1608 629 1634 errare:
658 1597 906 1645 omninoque
930 1596 973 1631 in
995 1593 1072 1632 hoe
1095 1596 1225 1632 omnis
1250 1599 1314 1633 est
1337 1607 1460 1640 error,

253 1662 365 1714 quod
394 1663 647 1706 existimant,
676 1660 892 1698 artificium
922 1672 1010 1697 esse
1041 1659 1118 1698 hoe
1144 1659 1351 1711 quoddam
1379 1674 1460 1698 non

253 1727 446 1766 dissimile
482 1732 726 1771 ceterorum,
761 1725 987 1763 cuiusmodi
1020 1725 1073 1763 de
1111 1728 1198 1776 ipso
1235 1727 1322 1764 iure
1356 1725 1460 1764 civili

253 1793 446 1831 hesterno
483 1792 550 1830 die
587 1791 754 1829 Crassus
791 1793 979 1842 componi
1014 1803 1133 1842 posse
1170 1790 1362 1829 dicebat:
1413 1796 1461 1830 ut

253 1871 407 1911 genera
432 1871 569 1895 rerum
594 1859 770 1908 primum
797 1861 1115 1907 exponerentur,
1141 1858 1183 1893 in
1209 1869 1290 1907 quo
1315 1858 1459 1894 vitium

254 1929 331 1969 est,
357 1926 389 1962 si
415 1935 544 1975 genus
571 1921 698 1960 ullum
723 1924 1108 1973 praetermittatur3
1149 1920 1298 1959 deinde
1323 1923 1458 1973 singu-

253 1989 384 2027 lorum
416 1993 555 2040 partes
589 1996 803 2039 generum,
835 1989 878 2024 in
911 2000 991 2039 quo
1026 1991 1070 2025 et
1103 1986 1247 2025 deesse
1281 1985 1458 2038 aliquam

253 2083 327 2119 258
