1560 2294
751 124 956 164 CICERO

248 243 402 284 genere
434 232 523 282 ipso
555 234 762 268 remotum
796 228 848 267 ab
881 242 958 267 usu
995 228 1237 267 iudiciorum
1269 241 1317 268 ac
1353 227 1456 275 foro,

248 302 402 341 nihilne
439 300 621 340 noceas?
669 299 780 348 Quid
820 299 985 338 multa?
1040 298 1184 338 Omnis
1223 312 1320 338 cura
1359 312 1454 338 mea

251 373 357 412 solet
380 375 424 412 in
448 372 525 411 hoc
550 373 703 410 versari
728 370 1077 422 semper—dicam
1103 372 1213 409 enim
1240 373 1456 422 saepius—-

251 448 285 484 si
316 446 482 496 possim,
507 448 555 482 ut
586 443 684 481 boni
716 442 887 480 efficiam
919 441 1075 493 aliquid
1105 441 1294 488 dicendo,
1321 443 1384 480 sin
1413 441 1458 480 id

251 518 399 561 minus,
418 520 466 553 ut
484 519 598 553 certe
616 526 669 552 ne
689 513 788 565 quid
805 512 915 551 mali.

167 595 233 629 307
305 585 492 625 LXXVI.
524 585 672 637 Itaque
700 597 808 622 nunc
835 583 929 622 illuc
955 583 1095 630 redeo,
1123 581 1284 630 Catule,
1311 585 1354 622 in
1380 597 1462 636 quo

253 664 300 698 tu
313 671 381 696 me
395 656 518 709 paulo
532 662 631 695 ante
644 655 856 701 laudabas,
871 654 925 694 ad
938 654 1124 693 ordinem
1137 654 1463 694 collocationem-

253 743 335 782 que
378 742 516 767 rerum
553 740 600 766 ac
637 727 846 773 locorum3
887 728 1001 764 cuius
1045 728 1151 764 ratio
1188 731 1252 764 est
1295 725 1463 777 duplex,

254 801 386 840 altera
426 813 552 852 quam
584 797 704 836 affert
741 803 890 836 natura
921 810 1150 843 causarum,
1182 796 1314 836 altera
1357 810 1464 849 quae

253 877 463 912 oratorum
485 870 635 909 iudicio
659 874 703 908 et
728 868 950 920 prudentia
972 873 1234 920 comparatur
1252 882 1262 907 ε
1299 881 1396 906 nam
1417 873 1467 908 ut

253 943 408 995 aliquid
423 947 521 980 ante
541 954 629 980 rem
649 940 846 986 dicamus,
861 939 1011 979 deinde
1027 944 1075 978 ut
1093 952 1182 978 rem
1197 952 1465 991 exponamus,

255 1020 350 1067 post
362 1020 410 1052 ut
425 1027 517 1052 eam
529 1012 750 1064 probemus
762 1013 911 1050 nostris
925 1010 1154 1063 praesidiis¹
1166 1010 1466 1056 confirmandis,

258 1087 468 1125 contrariis
498 1082 742 1128 refutandis,
767 1082 918 1121 deinde
947 1087 996 1121 ut
1023 1081 1312 1120 concludamus
1340 1087 1467 1133 atque

174 1162 241 1195 308
258 1161 318 1196 ita
332 1168 585 1208 peroremus,
599 1154 676 1192 hoc
692 1153 855 1192 dicendi
868 1158 1017 1191 natura
1028 1155 1118 1204 ipsa
1131 1153 1394 1203 praescribit3
1420 1157 1469 1191 ut

260 1241 355 1267 vero
384 1232 615 1265 statuamus
639 1238 689 1263 ea
718 1237 825 1276 quae
853 1223 1054 1275 probandi
1077 1229 1122 1262 et
1150 1223 1324 1262 docendi
1346 1235 1469 1262 causa

260 1298 434 1338 dicenda
450 1302 547 1335 sunt
566 1294 915 1348 quemadmodum
934 1307 1240 1346 componamus,
1256 1294 1300 1333 id
1318 1299 1383 1333 est
1405 1293 1470 1332 vel

258 1372 438 1409 maxime
459 1369 669 1420 proprium
691 1368 862 1405 oratoris
884 1365 1142 1417 prudentiae.
1200 1364 1338 1403 Multa
1359 1366 1469 1403 enim

258 1445 477 1480 occurrunt
505 1443 765 1490 argumenta,
804 1436 950 1482 multa,
975 1449 1082 1488 quae
1110 1438 1154 1474 in
1182 1435 1356 1476 dicendo
1379 1448 1470 1487 pro-

259 1512 400 1551 futura
428 1509 675 1555 videantur-3
714 1508 789 1547 sed
818 1521 959 1547 eorum
983 1509 1134 1558 partim
1157 1509 1218 1546 ita
1245 1506 1352 1545 levia
1375 1511 1472 1545 sunt

259 1589 308 1622 ut
330 1580 635 1621 contemnenda
663 1582 759 1626 sint,
780 1581 946 1631 partim,
970 1580 1097 1617 etiam
1125 1580 1159 1616 si
1187 1577 1287 1630 quid
1314 1576 1472 1615 habent

261 1654 504 1698 adiumenti,
522 1656 619 1690 sunt
645 1662 940 1702 nonnunquam
959 1649 1158 1687 eiusmodi
1176 1654 1224 1687 ut
1240 1650 1338 1687 insit
1354 1650 1397 1686 in
1414 1649 1472 1687 eis

262 1723 416 1776 aliquid
452 1725 540 1768 viti,
576 1734 712 1774 neque
749 1723 857 1760 tanti
893 1722 947 1758 sit
989 1719 1089 1758 illud
1131 1719 1243 1772 quod
1277 1718 1471 1771 prodesse

177 1805 243 1837 309
264 1795 452 1834 videatur
485 1799 532 1832 ut
565 1806 658 1831 cum
697 1791 833 1844 aliquo
872 1791 979 1829 malo
1017 1793 1318 1843 coniungatur;
1366 1802 1473 1841 quae

263 1871 405 1904 autem
427 1864 543 1903 utilia
564 1869 660 1902 sunt
681 1869 807 1914 atque
830 1862 959 1907 firma,
980 1864 1013 1900 si
1034 1874 1084 1900 ea
1104 1867 1260 1907 tamen,
1281 1866 1329 1899 ut
1348 1872 1473 1912 saepe

263 1938 324 1983 fit,
351 1936 470 1975 valde
497 1935 628 1974 multa
654 1939 764 1979 sunt,
792 1946 842 1971 ea
868 1946 975 1984 quae
1007 1945 1058 1970 ex
1086 1935 1144 1970 eis
1172 1938 1245 1971 aut
1270 1931 1474 1970 levissima

663 2021 678 2042 ²
702 2019 915 2064 [praesidiis]
943 2019 1075 2053 Vassis.

263 2089 340 2123 432
