1560 2294
747 118 952 158 CICERO

243 220 438 267 dicendis,
459 225 575 274 quasi
604 225 647 261 in
677 228 766 261 arte
790 223 989 262 tradere?
1047 222 1158 261 Nihil
1187 236 1300 269 sane,
1318 224 1453 275 inquit

243 290 427 338 Catulus,
446 306 614 332 necesse
634 298 710 332 est.

178 369 223 402 49
292 362 389 401 XII.
420 363 563 412 Quid?
600 366 634 402 si
667 364 778 416 quod
809 378 934 417 saepe
969 367 1137 404 summis
1173 367 1266 404 viris
1303 363 1453 403 accidit

239 434 438 476 mandata
463 438 545 474 sint
572 436 831 487 exponenda,
858 442 931 474 aut
956 439 999 474 in
1026 441 1174 475 senatu
1200 437 1253 475 ab
1278 438 1452 487 impera-

240 510 344 551 tore,
378 511 451 545 aut
485 506 538 545 ad
570 509 876 558 imperatorem,
910 513 984 546 aut
1017 507 1071 546 ad
1102 521 1259 560 regem,
1293 512 1366 545 aut
1399 506 1452 545 ad

240 577 437 629 populum
469 578 647 630 aliquem
678 592 703 617 a
732 585 894 625 senatu,
924 593 1023 617 num
1054 581 1151 631 quia
1180 592 1334 631 genere
1363 591 1451 617 ora-

239 651 361 687 tionis
394 652 438 687 in
466 650 666 688 eiusmodi
695 653 825 689 causis
858 653 1108 689 accuratiore
1139 655 1203 689 est
1233 649 1450 696 utendum,

238 719 386 758 idcirco
402 734 495 772 pars
513 723 640 759 etiam
655 720 758 760 haec
774 735 988 760 causarum
1003 721 1259 760 numeranda
1274 721 1449 767 videtur,

238 796 312 830 aut
339 795 510 843 propriis
539 795 771 844 praeceptis
799 792 1074 831 instruenda?
1132 792 1306 831 Minime
1339 805 1451 838 vero,

237 864 372 914 inquit
399 863 598 902 Catulus:
639 877 723 903 non
750 867 859 903 enim
886 864 1020 903 deerit
1046 863 1201 903 homini
1227 864 1380 902 diserto
1406 865 1450 901 in

241 935 440 973 eiusmodi
468 935 590 974 rebus
619 934 808 982 facultas,
838 949 890 974 ex
918 938 1066 974 ceteris
1094 936 1217 974 rebus
1246 940 1291 974 et
1318 937 1448 973 causis

238 1012 486 1057 comparata.

174 1085 220 1119 50
289 1077 399 1129 Ergo
419 1080 535 1124 item,
559 1080 709 1130 inquit,
728 1078 811 1124 illa,
836 1091 942 1130 quae
967 1091 1091 1130 saepe
1112 1077 1266 1117 diserte
1286 1077 1448 1130 agenda

238 1154 349 1194 sunt,
388 1154 432 1187 et
471 1162 577 1200 quae
617 1163 695 1202 ego
733 1149 855 1201 paulo
898 1155 996 1188 ante
1034 1163 1127 1188 cum
1169 1149 1448 1201 eloquentiam

237 1219 447 1258 laudarem
486 1220 571 1258 dixi
608 1223 779 1259 oratoris
818 1234 921 1267 esse,
959 1234 1096 1272 neque
1133 1220 1291 1259 habent
1328 1234 1446 1259 suum

236 1290 370 1330 locum
407 1291 534 1330 ullum
570 1294 614 1330 in
650 1292 846 1331 divisione
883 1294 1078 1343 partium,
1114 1305 1251 1344 neque
1287 1297 1446 1330 certum

236 1367 551 1414 praeceptorum
590 1376 735 1415 genus,
775 1368 820 1402 et
858 1363 1020 1415 agenda
1059 1368 1156 1401 sunt
1193 1376 1275 1401 non
1312 1365 1446 1401 minus

237 1433 404 1479 diserte,
430 1447 555 1485 quam
580 1447 688 1486 quae
712 1436 755 1472 in
779 1434 853 1472 lite
879 1434 1084 1480 dicuntur,
1110 1434 1356 1486 obiurgatio,
1381 1447 1445 1472 co-

236 1503 430 1550 hortatio,
465 1504 716 1544 consolatio:
766 1518 940 1557 quorum
974 1504 1073 1543 nihil
1108 1510 1186 1550 est,
1220 1504 1331 1557 quod
1364 1518 1446 1543 non

235 1588 397 1613 summa
413 1575 576 1614 dicendi
593 1581 837 1615 ornamenta
853 1576 1061 1614 desideret
1076 1588 1086 1622 ;
1117 1575 1191 1614 sed
1207 1589 1259 1614 ex
1275 1575 1444 1614 artificio

235 1659 299 1685 res
338 1649 442 1685 istae
480 1653 704 1699 praecepta
741 1660 824 1686 non
862 1653 1079 1699 quaerunt.
1138 1646 1278 1693 Plane,
1311 1649 1445 1699 inquit

236 1716 421 1764 Catulus,
441 1721 652 1756 assentior.

173 1806 214 1838 51
288 1789 380 1841 Age
419 1802 529 1835 vero,
570 1792 705 1841 inquit
746 1789 966 1835 Antonius,
1004 1789 1134 1841 qualis
1175 1791 1360 1835 oratoris,
1401 1794 1445 1828 et

236 1862 380 1911 quanti
417 1859 591 1898 hominis
628 1863 671 1898 in
709 1860 896 1906 dicendo,
933 1865 1055 1911 putas
1094 1873 1197 1906 esse,
1234 1859 1443 1898 historiam

235 1931 444 1969 scribere?
501 1930 556 1976 Si,
577 1936 624 1969 ut
654 1930 801 1969 Graeci
830 1933 1092 1982 scripserunt,
1121 1933 1283 1977 summi,
1310 1933 1444 1982 inquit

234 2001 405 2040 Catulus
423 2014 435 2048 ;
472 2004 520 2047 si,
544 2006 592 2040 ut
615 2003 757 2047 nostri,
781 2001 881 2040 nihil
904 2014 1006 2053 opus
1030 2007 1095 2040 est
1117 2006 1279 2041 oratore
1299 2014 1308 2039 :
1346 2003 1444 2039 satis

234 2085 311 2119 234
