1560 2294
732 108 936 149 CICERO

227 214 388 254 infinita
409 214 522 261 silva,
538 213 649 266 quod
669 216 820 252 oratori
841 213 1041 266 plerique,
1056 219 1104 252 ut
1125 216 1252 253 etiam
1273 213 1440 254 Crassus

227 277 425 323 ostendit,
445 277 526 316 duo
548 289 703 329 genera
724 276 778 315 ad
799 276 1018 315 dicendum
1040 276 1270 316 dederunt:
1299 291 1442 325 unum,

228 341 281 379 de
318 346 432 379 certa
468 340 722 391 definitaque
759 352 895 385 causa,
932 339 1074 391 quales
1110 345 1221 386 sunt,
1257 353 1364 392 quae
1399 343 1442 379 in

227 403 382 449 litibus,
407 416 514 454 quae
537 405 580 440 in
603 401 968 440 deliberationibus
991 408 1220 448 versantur,
1244 402 1386 449 addat,
1409 405 1443 442 si

229 468 319 518 quis
341 465 466 511 volet,
489 467 616 503 etiam
636 464 895 503 laudationes
914 478 924 502 t
960 464 1151 511 alterum,
1172 465 1283 517 quod
1304 465 1443 517 appel-

228 528 317 567 lant
341 541 483 567 omnes
507 526 595 566 fere
620 530 852 578 scriptores,
877 526 1057 579 explicat
1080 541 1216 574 nemo,
1239 527 1442 567 infinitam

229 593 406 643 generis,
430 594 517 628 sine
537 596 740 641 tempore,
761 595 806 628 et
825 592 912 628 sine
933 603 1121 641 persona,
1142 593 1440 642 quaestionem.

168 664 211 697 66
229 654 320 692 Hoc
353 653 453 705 quid
486 659 531 692 et
559 658 762 704 quantum
791 655 858 698 sit,
887 666 981 691 cum
1014 653 1171 699 dicunt,
1199 653 1443 706 intellegere

229 716 329 755 mihi
343 730 426 755 non
441 716 646 755 videntur.
695 715 737 754 Si
753 718 863 754 enim
878 721 943 754 est
957 718 1143 762 oratoris,
1158 729 1443 768 quaecumque

229 793 294 818 res
319 779 479 818 infinite
508 781 644 831 posita
665 781 733 824 sit,
756 778 809 817 de
836 791 886 817 ea
906 792 1027 830 posse
1050 778 1201 825 dicere,
1224 779 1444 818 dicendum

232 845 312 881 erit
328 845 380 888 ei,
397 847 555 893 quanta
569 844 623 880 sit
638 841 731 880 solis
743 841 1001 893 magnitudo,
1014 855 1121 893 quae
1136 840 1269 880 forma
1282 847 1418 881 terrae
1433 856 1444 882 ι

231 905 283 944 de
310 904 630 950 mathematicis,
650 904 702 942 de
721 906 885 942 musicis
908 905 1030 942 rebus
1050 918 1133 943 non
1156 907 1325 956 poterit,
1345 908 1443 957 quin

230 968 356 1014 dicat,
375 967 452 1006 hoc
471 980 595 1006 onere
615 971 821 1018 suscepto,
839 980 1041 1006 recusare.
1090 967 1282 1019 Denique
1302 970 1354 1014 ei,
1373 970 1443 1020 qui

230 1030 449 1083 profitetur
472 1043 561 1069 esse
584 1043 718 1075 suum,
737 1043 820 1068 non
840 1029 970 1068 solum
994 1030 1046 1068 de
1068 1033 1125 1068 eis
1145 1033 1442 1078 controversiis,

230 1107 338 1145 quae
355 1094 610 1145 temporibus
627 1098 672 1131 et
687 1095 871 1144 personis
887 1098 1058 1131 notatae
1076 1098 1186 1139 sunt,
1202 1092 1279 1132 hoc
1296 1099 1374 1139 est,
1390 1093 1443 1133 de

229 1157 418 1195 omnibus
444 1155 688 1201 forensibus,
715 1154 790 1194 sed
816 1157 943 1193 etiam
970 1155 1022 1194 de
1049 1169 1250 1207 generum
1275 1156 1443 1195 infinitis

229 1219 540 1271 quaestionibus
587 1218 738 1264 dicere,
785 1217 943 1256 nullum
988 1223 1130 1270 potest
1177 1231 1266 1257 esse
1313 1232 1444 1271 genus

229 1284 438 1328 orationis,
457 1281 569 1333 quod
587 1284 641 1319 sit
660 1285 895 1332 exceptum.

168 1359 210 1392 07
281 1344 393 1383 XVI.
423 1343 506 1382 Sed
540 1346 574 1382 si
608 1343 721 1382 illam
757 1356 921 1395 quoque
956 1349 1120 1395 partem
1155 1340 1468 1396 quaestionum*

230 1410 381 1446 oratori
417 1406 602 1445 volumus
639 1406 864 1458 adiungere
900 1419 1062 1458 vagam,
1099 1411 1143 1445 et
1177 1406 1363 1453 liberam,
1399 1413 1444 1446 et

228 1469 314 1509 late
334 1475 566 1522 patentem,
586 1474 634 1508 ut
653 1469 706 1508 de
725 1469 848 1507 rebus
868 1469 984 1507 bonis
1005 1474 1077 1508 aut
1096 1469 1228 1516 malis,
1244 1475 1443 1522 expeten-

229 1533 291 1572 dis
315 1538 388 1571 aut
413 1531 633 1585 fugiendis,
653 1531 837 1571 honestis
858 1537 931 1570 aut
956 1532 1159 1583 turpibus,
1179 1531 1349 1571 utilibus
1369 1538 1443 1572 aut

229 1595 455 1641 inutilibus,
482 1595 534 1634 de
561 1597 729 1641 virtute,
752 1594 805 1633 de
831 1596 1002 1641 iustitia,
1022 1594 1075 1633 de
1102 1597 1370 1641 continentia,
1389 1595 1443 1634 de

228 1658 463 1710 prudentia,
486 1657 538 1696 de
559 1657 846 1710 magnitudine
869 1659 1008 1703 animi,
1030 1657 1083 1696 de
1104 1657 1368 1704 liberalitate,
1389 1657 1442 1696 de

229 1723 403 1772 pietate,
434 1721 487 1759 de
519 1722 712 1766 amicitia,
743 1720 796 1759 de
827 1719 922 1766 fide,
953 1719 1006 1758 de
1036 1720 1180 1767 officio,
1211 1719 1264 1759 de
1294 1723 1442 1759 ceteris

229 1784 449 1822 virtutibus
467 1785 761 1835 contrariisque
779 1785 901 1828 vitiis,
919 1782 1139 1821 dicendum
1156 1785 1307 1821 oratori
1323 1788 1443 1834 pute-

228 1859 319 1884 mus
338 1858 349 1892 ;
385 1849 571 1897 itemque
594 1845 646 1884 de
669 1845 892 1897 republica,
915 1845 967 1883 de
990 1847 1176 1896 imperio,
1199 1845 1251 1884 de
1273 1858 1318 1883 re
1340 1845 1443 1883 mili-

228 1911 322 1955 tari,
354 1909 407 1947 de
439 1908 652 1960 disciplina
683 1910 873 1953 civitatis,
906 1907 958 1946 de
990 1907 1202 1946 hominum
1233 1907 1442 1946 moribus:

229 1984 483 2010 assumamus
510 1984 603 2010 eam
628 1984 792 2024 quoque
817 1975 995 2022 partem,
1020 1971 1094 2010 sed
1118 1973 1192 2017 ita,
1218 1975 1266 2009 ut
1290 1972 1344 2009 sit
1369 1972 1443 2009 cir-

228 2077 305 2113 246
