1560 2294
184 490 228 525 59

182 1135 225 1169 60

179 1986 222 2020 61

749 103 953 144 CICERO

249 204 314 243 vel
343 208 471 244 nostri
501 206 766 253 decemviros,
797 211 866 259 qui
898 208 1128 247 Duodecim
1157 207 1334 247 Tabulas
1363 221 1454 260 per-

247 279 509 327 scripserunt,
532 291 633 329 quos
656 292 823 317 necesse
847 284 910 317 est
931 278 1056 318 fuisse
1078 279 1318 331 prudentes,
1338 284 1454 318 ante-

245 353 403 398 ponant
426 350 469 386 in
492 348 569 387 hoc
592 362 746 401 genere
772 355 816 388 et
840 349 925 388 Ser.
952 350 1124 396 Galbae,
1149 356 1194 389 et
1217 364 1356 389 socero
1380 356 1452 389 tuo

245 417 290 455 C.
323 418 479 465 Laelio,
507 433 609 471 quos
637 426 800 459 constat
828 421 990 460 dicendi
1023 421 1153 473 gloria
1184 424 1451 474 praestitisse.

248 488 467 541 Nunquam
488 493 597 529 enim
617 492 792 544 negabo,
814 505 903 531 esse
923 493 1122 545 quasdam
1142 498 1252 532 artes
1271 495 1453 544 proprias

247 573 402 607 eorum,
441 564 510 613 qui
549 564 592 600 in
630 562 692 601 his
731 563 1023 616 cognoscendis
1063 570 1190 616 atque
1228 564 1453 603 tractandis

246 631 428 670 studium
475 646 595 671 suum
642 647 764 672 omne
810 640 1066 686 posuerunt3
1128 635 1202 674 sed
1248 641 1450 674 oratorem

245 702 413 752 plenum
446 709 572 755 atque
603 703 836 756 perfectum
869 718 958 744 esse
991 719 1086 744 eum
1118 706 1266 752 dicam,
1298 708 1368 758 qui
1400 705 1452 744 de

245 774 432 812 omnibus
451 775 574 813 rebus
592 778 722 827 possit
740 779 851 815 varie
870 779 1115 829 copioseque
1134 777 1282 816 dicere.

295 844 406 884 XIV.
435 846 604 885 Etenim
626 860 751 899 saepe
773 850 816 886 in
836 850 894 886 eis
917 851 1062 895 causis,
1082 862 1183 900 quas
1198 862 1339 887 omnes
1362 862 1452 900 pro-

243 919 350 967 prias
369 930 457 955 esse
475 923 683 956 oratorum
700 918 962 966 confitentur,
980 925 1045 958 est
1061 919 1228 971 aliquid,
1244 919 1354 972 quod
1371 933 1451 958 non

244 1000 295 1025 ex
314 1001 389 1025 usu
406 987 572 1035 forensi,
590 1003 715 1041 quem
732 989 863 1028 solum
880 991 1107 1030 oratoribus
1125 991 1362 1036 conceditis,
1379 990 1452 1029 sed

244 1071 295 1096 ex
323 1059 554 1099 obscuriore
583 1061 720 1113 aliqua
746 1064 918 1100 scientia
945 1064 999 1100 sit
1025 1062 1297 1113 promendum
1325 1067 1451 1114 atque

243 1130 499 1169 sumendum.
555 1131 720 1180 Quaero
754 1135 878 1179 enim,
911 1146 1010 1171 num
1041 1136 1171 1185 possit
1204 1139 1277 1172 aut
1309 1139 1451 1172 contra

242 1204 548 1252 imperatorem,
572 1208 646 1241 aut
671 1216 745 1255 pro
773 1206 1022 1255 imperatore
1049 1205 1128 1243 diei
1151 1207 1239 1243 sine
1265 1207 1324 1242 rei
1349 1204 1451 1242 mili-

243 1274 341 1310 taris
362 1286 451 1318 usu,
471 1279 544 1312 aut
563 1287 688 1326 saepe
709 1277 836 1314 etiam
855 1278 942 1314 sine
961 1278 1175 1328 regionum
1194 1278 1450 1314 terrestrium

244 1349 317 1381 aut
343 1347 641 1384 maritimarum
668 1348 868 1393 scientia3
910 1360 1009 1385 num
1038 1347 1148 1398 apud
1174 1347 1371 1398 populum
1397 1346 1450 1385 de

243 1413 402 1466 legibus
428 1416 631 1463 iubendis,
659 1422 733 1455 aut
759 1417 975 1464 vetandis3
1014 1431 1112 1456 num
1139 1420 1182 1456 in
1214 1417 1370 1456 Senatu
1396 1417 1449 1456 de

243 1489 353 1524 omni
392 1487 640 1538 reipublicae
678 1501 833 1541 genere
872 1489 951 1527 dici
989 1491 1077 1527 sine
1116 1502 1275 1527 summa
1312 1502 1447 1527 rerum

242 1557 418 1595 civilium
452 1561 701 1610 cognitione,
735 1564 780 1598 et
812 1559 1061 1611 prudentia;
1109 1573 1208 1598 num
1243 1560 1448 1598 admoveri

240 1630 370 1679 possit
397 1632 528 1667 oratio
557 1629 611 1668 ad
638 1643 780 1669 sensus
810 1633 1036 1669 animorum
1065 1636 1192 1683 atque
1220 1637 1356 1669 motus
1384 1630 1449 1669 vel

240 1697 566 1746 inflammandos,
589 1701 654 1739 vel
678 1704 804 1740 etiam
828 1702 1149 1754 exstinguendos
1173 1701 1300 1754 (quod
1322 1715 1448 1740 unum

240 1771 282 1807 in
300 1776 461 1808 oratore
480 1771 745 1824 dominatur),
764 1775 850 1811 sine
869 1773 1181 1825 diligentissima
1197 1775 1449 1825 pervestiga-

240 1843 353 1878 tione
378 1855 518 1880 earum
542 1846 724 1881 omniurn
747 1846 966 1890 rationum,
990 1857 1097 1896 quae
1120 1844 1173 1883 de
1196 1846 1352 1882 naturis
1375 1843 1450 1882 hu-

240 1914 351 1949 mani
369 1916 531 1964 generis
551 1927 598 1952 ac
616 1915 795 1953 moribus
815 1929 839 1953 a
857 1914 1105 1967 philosophis
1125 1915 1392 1967 explicantur.

293 1983 434 2035 Atque
461 1983 571 2023 haud
597 1988 694 2031 scio,
721 1999 773 2024 an
799 1989 933 2024 minus
959 1985 1035 2025 hoc
1062 1987 1174 2025 vobis
1200 1989 1277 2025 sim
1302 1987 1447 2038 proba-

241 2061 292 2095 44
