1560 2294
749 109 953 149 CICERO

245 219 488 266 aucupetur,
517 215 579 252 ita
612 213 760 259 dicam,
794 215 828 251 si
861 225 1027 252 causam
1060 214 1218 264 putatis
1253 225 1358 258 esse,
1385 225 1457 252 cur

245 291 434 330 audiatis.

182 377 224 411 31
296 367 413 406 VIII.
445 366 529 406 Nos
556 379 653 406 vero
680 371 725 405 et
750 365 870 405 valde
897 365 1080 418 quidem,
1107 365 1278 405 Catulus
1303 367 1453 418 inquit,

244 449 453 496 putamus,
479 449 607 496 atque
633 456 683 482 eo
706 445 852 495 magis,
878 442 989 495 quod
1013 441 1126 481 nulla
1148 441 1249 481 mihi
1273 447 1457 482 ostenta-

245 523 358 560 tione
396 520 545 559 videris
584 533 674 559 esse
712 533 870 558 usurus.
925 519 1105 558 Exorsus
1143 532 1188 558 es
1227 521 1337 559 enim
1374 532 1457 558 non

245 597 419 649 gloriose
435 610 445 643 ;
473 599 605 650 magis
620 610 645 636 a
659 599 850 642 veritate,
865 601 914 635 ut
928 601 976 635 tu
990 601 1129 648 putas,
1141 609 1266 648 quam
1281 609 1307 635 a
1321 598 1458 635 nescio

185 688 228 722 32
248 687 329 726 qua
358 674 576 726 dignitate.
635 674 696 713 Ut
721 676 848 726 igitur
871 673 924 712 de
949 675 1038 724 ipso
1064 685 1218 724 genere
1244 685 1335 713 sum
1363 686 1458 712 con-

246 750 392 797 fessus,
407 753 542 802 inquit
558 751 778 796 Antonius,
795 755 928 788 artem
945 762 1034 788 esse
1050 763 1134 788 non
1148 752 1386 796 maximam,
1402 751 1459 788 sic

246 827 347 866 illud
365 827 534 873 affirmo,
552 832 776 878 praecepta
793 839 913 878 posse
932 826 1137 878 quaedam
1156 826 1244 865 dari
1261 831 1459 878 peracuta

247 904 300 943 ad
319 903 632 956 pertractandos
652 906 808 942 animos
827 903 1040 942 hominum
1060 908 1105 942 et
1124 903 1178 942 ad
1197 902 1459 955 excipiendas

248 994 389 1020 eorum
409 980 657 1020 voluntates.
713 980 846 1019 Huius
866 982 927 1019 rei
947 982 1163 1018 scientiam
1183 982 1217 1018 si
1237 981 1327 1032 quis
1348 979 1460 1019 volet

246 1071 441 1110 magnam
473 1057 696 1110 quamdam
728 1062 862 1095 artem
894 1069 983 1095 esse
1015 1056 1166 1103 dicere,
1197 1069 1280 1095 non
1310 1069 1459 1109 repug-

246 1135 367 1173 nabo.
419 1134 587 1172 Etenim
607 1147 700 1172 cum
719 1133 905 1185 plerique
925 1139 1083 1172 temere
1104 1146 1151 1171 ac
1170 1132 1282 1171 nulla
1300 1135 1458 1172 ratione

247 1224 389 1250 causas
413 1212 456 1248 in
480 1209 569 1250 foro
594 1210 749 1256 dicant,
773 1209 957 1249 nonnulli
982 1215 1124 1248 autem
1148 1214 1319 1261 propter
1343 1222 1459 1248 exer-

247 1290 503 1333 citationem,
524 1292 597 1326 aut
617 1292 786 1339 propter
806 1286 1147 1326 consuetudinem
1167 1285 1360 1338 aliquam,
1380 1285 1460 1324 cal-

247 1364 368 1403 lidius
407 1363 451 1403 id
487 1363 656 1410 faciant,
699 1377 782 1402 non
825 1368 890 1402 est
931 1362 1102 1402 dubium
1145 1365 1258 1415 quin,
1297 1364 1331 1401 si
1369 1365 1459 1415 quis

249 1440 601 1487 animadverterit,
622 1440 722 1493 quid
745 1442 812 1487 sit,
833 1453 960 1492 quare
985 1439 1052 1478 alii
1074 1439 1220 1478 melius
1244 1452 1368 1491 quam
1392 1438 1459 1477 alii

188 1536 230 1570 33
249 1518 402 1564 dicant,
421 1517 464 1556 id
482 1520 612 1569 possit
631 1523 789 1556 notare.
842 1517 952 1569 Ergo
974 1516 1017 1555 id
1039 1519 1110 1568 qui
1131 1521 1222 1555 toto
1243 1517 1287 1555 in
1305 1528 1459 1568 genere

248 1594 408 1640 fecerit,
421 1596 454 1633 is
467 1596 595 1633 sinon
607 1593 730 1646 plane
744 1599 892 1640 artem,
905 1598 950 1632 at
963 1595 1079 1645 quasi
1092 1598 1225 1631 artem
1238 1592 1459 1645 quamdam

249 1673 464 1710 invenerit.

301 1748 443 1800 Atque
471 1749 645 1793 utinam,
672 1752 721 1785 ut
747 1746 847 1785 mihi
874 1746 943 1784 illa
970 1745 1109 1784 videre
1137 1745 1278 1785 videor
1303 1747 1346 1784 in
1372 1743 1461 1785 foro

250 1830 376 1876 atque
394 1827 437 1862 in
454 1826 599 1869 causis,
616 1826 719 1862 item
737 1836 859 1869 nunc,
877 1822 1226 1875 quemadmodum
1243 1835 1294 1860 ea
1310 1824 1462 1873 reperi-

249 1906 406 1946 rentur,
426 1913 589 1952 possem
611 1900 724 1938 vobis
747 1901 962 1952 exquirere
982 1898 990 1936 !
1027 1897 1110 1937 Sed
1130 1898 1183 1937 de
1203 1911 1271 1938 me
1292 1897 1432 1937 videro
1448 1910 1460 1938 t

250 1990 357 2016 nunc
381 1976 459 2016 hoc
481 1989 680 2029 propono,
704 1975 816 2030 quod
839 1974 939 2014 mihi
963 1977 1161 2027 persuasi,
1186 1976 1370 2028 quamvis
1395 1986 1459 2013 ars

250 2079 327 2115 220
