1560 2294
801 132 1006 173 CICERO

298 246 443 273 ornare
471 249 518 274 ae
544 239 665 275 tueri.
721 235 804 275 Sed
829 242 973 276 tamen
999 240 1042 276 in
1067 237 1274 277 laudando
1300 237 1509 292 iungenda

297 313 394 346 sunt
415 311 543 348 etiam
563 309 666 349 haec
687 323 842 363 genera
863 314 1076 358 virtutum,
1097 310 1238 351 ferunt
1259 315 1369 351 enim
1389 324 1508 351 aures

296 379 509 421 hominum
546 397 640 422 cum
677 383 746 422 illa
784 397 891 436 quae
930 385 1109 423 iucunda
1156 390 1201 424 et
1246 391 1380 438 grata,
1416 390 1508 425 tum

297 457 425 493 etiam
444 455 513 494 illa
531 470 639 508 quae
658 457 860 496 mirabilia
879 463 977 497 sunt
994 460 1038 496 in
1058 460 1211 497 virtute
1230 458 1401 497 laudari.

210 530 276 563 345
349 527 554 568 LXXXV.
592 530 650 569 Et
681 533 876 582 quoniam
904 531 1158 584 singularum
1185 533 1384 571 virtutum
1411 537 1509 571 sunt

294 606 409 639 certa
428 603 634 653 quaedam
653 604 783 643 officia
802 618 850 643 ae
868 618 1041 647 munera
1056 611 1101 644 et
1115 618 1190 643 sua
1203 607 1351 657 cuique
1366 608 1508 645 virtuti

294 672 383 713 laus
402 679 566 728 propria
581 677 772 724 debetur,
788 680 868 717 erit
887 678 1176 730 explicandum
1190 681 1234 717 in
1252 678 1374 718 laude
1394 681 1508 718 iusti-

295 750 379 787 tiae
413 749 514 801 quid
551 763 644 789 cum
683 750 778 797 fide,
808 751 908 803 quid
939 765 1033 790 cum
1063 751 1375 804 aequabilitate,
1407 752 1507 804 quid

294 834 387 860 cum
411 823 611 862 eiusmodi
635 824 771 876 aliquo
790 824 920 863 officio
942 827 976 863 is
996 827 1067 878 qui
1088 825 1326 864 laudabitur
1346 824 1507 873 fecerit,

293 898 480 948 itemque
509 899 552 935 in
582 900 731 936 ceteris
761 911 826 937 res
856 904 1002 951 gestae
1033 898 1087 938 ad
1116 901 1314 951 cuiusque
1343 901 1506 938 virtutis

208 983 275 1017 346
292 983 423 1022 genus
448 976 492 1009 et
515 973 597 1009 vim
621 976 666 1010 et
688 985 840 1010 nomen
863 972 1295 1011 accommodabuntur.
1351 972 1506 1012 Gratis-

292 1046 395 1102 sima
417 1049 559 1083 autem
579 1044 668 1084 laus
691 1058 833 1084 eorum
853 1044 1058 1085 factorum
1086 1045 1264 1085 habetur
1292 1060 1399 1098 quae
1419 1059 1506 1086 sus-

291 1123 414 1169 cepta
441 1118 634 1158 videntur
660 1132 686 1157 a
712 1121 806 1157 viris
832 1117 1007 1158 fortibus
1035 1122 1122 1158 sine
1151 1119 1430 1160 emolumento
1457 1133 1505 1160 ac

290 1194 502 1242 praemio3
545 1205 652 1244 quae
681 1205 778 1231 vero
806 1194 934 1231 etiam
961 1206 1055 1231 cum
1081 1192 1222 1232 labore
1250 1206 1298 1232 ac
1323 1193 1504 1246 periculo

289 1265 484 1316 ipsorum,
506 1264 610 1304 haee
630 1265 788 1304 habent
809 1266 1060 1305 uberrimam
1080 1269 1241 1318 copiam
1262 1267 1316 1305 ad
1335 1267 1504 1306 laudan-

290 1337 404 1385 dum,
439 1339 551 1391 quod
586 1344 631 1378 et
668 1339 748 1378 diei
783 1342 1041 1378 ornatissime
1078 1345 1251 1392 possunt
1288 1346 1334 1380 et
1373 1341 1506 1381 audiri

289 1410 482 1451 facillime
500 1424 511 1458 ;
568 1425 619 1452 ea
661 1415 771 1451 enim
813 1412 993 1465 denique
1037 1415 1166 1452 virtus
1211 1426 1300 1452 esse
1341 1414 1505 1453 videtur

291 1488 540 1537 praestantis
576 1488 651 1524 viri
688 1499 796 1538 quae
835 1491 900 1525 est
935 1484 1147 1525 fructuosa
1182 1486 1284 1533 aliis,
1320 1489 1397 1539 ipsi
1430 1492 1504 1528 aut

290 1558 492 1598 laboriosa
515 1565 588 1598 aut
610 1559 838 1611 periculosa
861 1565 935 1599 aut
957 1565 1070 1599 certe
1093 1563 1289 1613 gratuita.
1346 1560 1504 1614 Magna

291 1635 419 1672 etiam
435 1633 505 1672 illa
522 1632 610 1671 laus
629 1638 674 1672 et
691 1633 940 1672 admirabilis
958 1632 1087 1672 videri
1104 1633 1210 1672 solet
1227 1634 1369 1673 tulisse
1386 1647 1502 1674 casus

291 1709 500 1758 sapienter
534 1706 740 1753 adversos,
774 1720 857 1745 non
890 1705 1069 1745 fractum
1103 1719 1193 1746 esse
1226 1706 1407 1754 fortuna,
1439 1721 1503 1748 re-

204 1790 269 1823 347
291 1782 460 1819 tinuisse
485 1781 528 1818 in
552 1780 675 1818 rebus
702 1782 855 1831 asperis
881 1779 1159 1832 dignitatem3
1198 1793 1335 1833 neque
1360 1786 1502 1821 tamen

288 1852 357 1890 illa
397 1866 480 1891 non
520 1859 683 1899 ornant,
725 1852 855 1891 habiti
898 1852 1086 1899 honores,
1127 1853 1298 1892 decreta
1337 1857 1499 1895 virtutis

288 1927 485 1977 praemia,
507 1938 573 1964 res
595 1931 741 1978 gestae
764 1926 922 1964 iudiciis
944 1925 1156 1964 hominum
1179 1927 1499 1977 comprobatae;

286 2001 329 2037 in
360 1999 508 2051 quibus
539 2001 667 2038 etiam
697 1997 942 2037 felicitatem
972 2001 1104 2050 ipsam
1135 1997 1306 2037 deorum
1335 2002 1501 2042 immor.

285 2090 362 2125 460
