1560 2294
783 115 988 156 CICERO

280 234 388 274 quae
416 226 696 273 quaerantur:
739 233 881 266 unum,
909 221 1009 273 quid
1036 223 1119 267 sit;
1162 220 1352 269 alterum,
1379 222 1490 262 unde

279 286 361 330 sit3
413 286 584 322 tertium
622 286 729 321 sitne
767 285 952 329 oratoris,
991 283 1095 321 velle
1133 285 1259 322 risum
1295 297 1490 331 movere3

279 351 486 398 quartum,
528 351 733 398 quatenus
752 357 762 390 3
819 348 1023 397 quintum,
1065 359 1172 398 quae
1213 348 1296 385 sint
1335 359 1490 399 genera

278 409 448 447 ridiculi.

329 471 471 523 Atque
491 470 592 509 illud
612 473 803 522 primum,
825 470 925 522 quid
945 473 999 509 sit
1019 473 1107 522 ipse
1127 473 1244 518 risus,
1266 485 1347 523 quo
1367 477 1490 523 pacto

278 537 521 580 concitetur,
548 534 619 571 ubi
645 536 712 579 sit,
740 533 945 584 quomodo
973 536 1160 579 exsistat,
1188 539 1315 586 atque
1341 537 1402 574 ita
1426 548 1490 574 re-

277 603 404 648 pente
424 601 628 647 erumpat,
646 601 694 634 ut
713 609 808 633 eum
826 598 1040 647 cupientes
1058 601 1203 635 tenere
1220 610 1488 649 nequeamus,

278 665 322 698 et
348 659 554 711 quomodo
581 658 701 696 simul
726 657 872 704 latera,
899 671 958 705 os,
985 671 1125 704 venas,
1151 658 1326 706 vultum,
1353 659 1488 699 oculos

276 727 464 773 occupet,
491 721 641 760 viderit
668 721 959 759 Democritus:
1001 734 1138 773 neque
1165 723 1276 760 enim
1302 722 1356 761 ad
1381 721 1490 762 hunc

276 798 508 823 sermonem
524 783 601 822 hoc
617 786 802 835 pertinet
820 795 830 829 3
862 788 920 830 et,
937 785 971 822 si
987 786 1231 835 pertineret,
1248 786 1404 824 nescire
1420 798 1489 825 me

277 853 420 887 tamen
435 847 478 885 id
493 860 576 885 non
590 846 768 898 puderet
785 846 896 898 quod
911 859 964 884 ne
979 846 1037 884 illi
1053 846 1222 898 quidem
1237 849 1403 893 scirent,
1419 850 1488 900 qui

277 910 579 962 pollicerentur.

193 981 258 1014 236
329 973 461 1011 Locus
486 977 642 1018 autem,
668 977 712 1010 et
734 973 849 1023 regio
874 973 990 1023 quasi
1013 971 1171 1010 ridiculi
1195 972 1310 1024 (nam
1332 972 1376 1011 id
1397 986 1488 1025 pro-

276 1039 386 1074 xime
413 1035 641 1086 quaeritur)
664 1033 922 1085 turpitudine
947 1039 992 1072 et
1017 1033 1283 1073 deformitate
1309 1035 1488 1087 quadam

275 1101 511 1138 continetur
530 1111 538 1136 :
570 1097 672 1135 haec
690 1099 799 1135 enim
814 1096 1002 1135 ridentur
1018 1096 1083 1135 vel
1099 1096 1198 1142 sola,
1215 1097 1280 1135 vel
1295 1100 1488 1145 maxime,

275 1175 382 1214 quae
404 1165 553 1199 notant
575 1165 619 1198 et
640 1159 861 1211 designant
882 1159 1183 1210 turpitudinem
1205 1159 1385 1212 aliquam
1406 1174 1486 1200 non

274 1226 465 1275 turpiter.

326 1286 403 1325 Est
427 1291 583 1331 autem,
607 1290 655 1323 ut
680 1284 734 1322 ad
755 1283 857 1322 illud
880 1286 1052 1323 tertium
1076 1287 1253 1331 veniam,
1278 1291 1343 1324 est
1365 1285 1487 1338 plane

275 1351 446 1389 oratoris
466 1360 631 1386 movere
651 1349 802 1392 risum3
837 1346 903 1385 vel
922 1347 1033 1398 quod
1052 1349 1142 1398 ipsa
1161 1346 1344 1387 hilaritas
1363 1349 1489 1388 bene-

276 1412 499 1451 volentiam
527 1409 716 1449 conciliat
744 1411 796 1455 ei,
823 1422 899 1461 per
926 1423 1050 1461 quem
1079 1412 1261 1448 excitata
1289 1416 1382 1457 est3
1423 1410 1488 1450 vel

277 1475 389 1528 quod
410 1474 665 1513 admirantur
687 1485 829 1511 omnes
853 1485 1026 1510 acumen
1048 1486 1130 1511 uno
1152 1485 1276 1524 saepe
1299 1475 1342 1511 in
1363 1474 1487 1513 verbo

276 1540 456 1590 positum
488 1538 668 1574 maxime
700 1534 1001 1586 respondentis,
1034 1548 1328 1587 nonnunquam
1361 1539 1487 1575 etiam

275 1601 513 1639 lacessentis
533 1611 542 1644 3
590 1597 655 1636 vel
697 1597 808 1649 quod
849 1596 1005 1649 frangit
1047 1597 1338 1644 adversarium,
1377 1599 1487 1651 quod

276 1663 465 1714 impedit,
490 1661 601 1713 quod
628 1660 777 1705 elevat,
802 1659 913 1711 quod
941 1659 1141 1706 deterret,
1165 1660 1276 1712 quod
1301 1659 1485 1701 refutat:

276 1725 341 1764 vel
379 1724 490 1777 quod
528 1726 663 1774 ipsum
697 1727 902 1761 oratorem
935 1721 1110 1773 politum
1149 1735 1238 1761 esse
1278 1722 1487 1763 hominem

276 1787 493 1840 significat,
506 1785 617 1838 quod
633 1784 854 1830 eruditum,
868 1784 978 1836 quod
993 1785 1209 1831 urbanum,
1225 1788 1487 1838 maximeque

276 1850 387 1903 quod
419 1851 631 1888 tristitiam
660 1861 707 1885 ac
735 1849 1001 1885 severitatem
1034 1849 1200 1899 mitigat
1236 1853 1280 1886 et
1313 1848 1486 1895 relaxat,

323 1986 339 2002 ⁰
362 1981 421 2015 An
449 1981 606 2014 eminent
633 1977 752 2012 Greek
779 1977 952 2020 physicist
978 1978 1020 2010 of
1041 1977 1101 2011 the
1128 1977 1190 2011 5th
1217 1981 1366 2021 century
1394 1989 1482 2014 unc-z

277 2025 409 2058 known
426 2035 466 2058 as
486 2025 494 2038 ⁸
510 2024 569 2057 the
586 2022 761 2065 laughing
778 2021 1028 2065 philosopher.'

275 2081 351 2117 372
