1560 2294
740 106 944 146 CICERO

238 209 430 250 historiae
449 211 601 263 legem,
616 224 669 250 ne
689 211 788 263 quid
803 209 894 249 falsi
914 210 1049 250 dicere
1066 210 1219 249 audeat
1236 211 1252 250 ?
1282 211 1445 251 Deinde

238 296 291 321 ne
320 283 419 334 quid
447 285 532 321 veri
559 296 642 320 non
667 282 850 320 audeat?
891 282 953 320 Ne
981 295 1063 334 qua
1088 284 1261 334 suspicio
1287 285 1445 335 gratiae

176 362 220 395 63
238 356 291 391 sit
315 356 357 391 in
380 353 624 392 scribendo?
666 353 729 391 Ne
755 367 837 405 qua
861 353 1111 392 simultatis?
1152 353 1268 392 Haec
1293 354 1447 393 scilicet

238 424 510 463 fundamenta
530 429 631 463 nota
652 429 748 463 sunt
770 424 957 462 omnibus
973 437 983 470 ;
1011 427 1100 475 ipsa
1122 430 1263 463 autem
1283 425 1448 464 exaedi-

239 495 373 534 ficatio
411 498 546 547 posita
575 500 640 533 est
668 498 710 533 in
740 496 863 534 rebus
893 500 937 533 et
966 496 1112 534 verbis.
1159 495 1311 534 Rerum
1342 499 1447 535 ratio

238 567 423 605 ordinem
469 572 703 618 temporum
747 566 970 612 desiderat,
1013 569 1228 618 regionum
1271 567 1448 620 descrip-

238 640 394 676 tionem
413 651 423 684 ;
463 637 551 676 vult
578 640 718 683 etiam,
745 640 939 689 quoniam
963 640 1006 675 in
1030 639 1153 676 rebus
1178 641 1338 690 magnis
1362 652 1448 678 me-

237 712 448 761 moriaque
466 709 599 761 dignis
618 708 783 747 consilia
800 711 991 759 primum,
1010 708 1159 747 deinde
1178 714 1285 755 acta,
1302 715 1447 761 postea

239 786 411 819 eventus
440 785 726 831 expectentur,
755 785 799 818 et
825 779 878 818 de
905 779 1078 818 consiliis
1106 780 1322 832 significari
1349 781 1447 832 quid

238 855 409 903 scriptor
423 852 585 903 probet,
602 857 646 890 et
659 853 702 889 in
715 851 838 889 rebus
853 854 980 903 gestis
996 851 1206 896 declarari,
1221 865 1303 890 non
1318 851 1447 891 solum

238 923 338 975 quid
360 928 498 961 actum
522 928 594 961 aut
617 922 773 960 dictum
797 924 864 968 sit,
887 921 961 960 sed
983 924 1110 960 etiam
1133 923 1337 974 quomodo
1356 935 1366 968 3
1404 928 1448 962 et

238 1008 332 1033 cum
351 994 403 1032 de
425 999 577 1032 eventu
597 993 770 1039 dicatur,
783 998 831 1032 ut
850 1006 996 1031 causae
1018 993 1274 1045 explicentur
1292 1007 1448 1041 omnes,

238 1065 303 1104 vel
318 1079 447 1111 casus,
462 1065 528 1103 vel
542 1067 784 1116 sapientiae,
799 1064 864 1103 vel
878 1067 1140 1110 temeritatis,
1154 1063 1447 1117 hominumque

238 1140 417 1188 ipsorum
442 1150 524 1174 non
549 1135 679 1173 solum
704 1149 768 1174 res
794 1141 953 1187 gestae,
978 1135 1052 1174 sed
1078 1138 1218 1182 etiam,
1243 1138 1312 1188 qui
1337 1135 1448 1175 fama

239 1221 285 1246 ac
305 1210 468 1245 nomine
496 1206 714 1252 excellant,
735 1206 787 1244 de
807 1208 1003 1257 cuiusque
1028 1209 1112 1244 vita
1135 1211 1261 1258 atque
1286 1213 1446 1247 natura.

175 1290 223 1323 64
237 1279 465 1317 Verborum
479 1283 620 1316 autem
634 1280 739 1316 ratio
753 1283 797 1316 et
811 1290 942 1329 genus
957 1280 1151 1316 orationis
1170 1275 1307 1316 fusum
1320 1284 1446 1330 atque

238 1355 431 1395 tractum,
449 1354 493 1387 et
509 1363 602 1387 cum
618 1348 792 1387 lenitate
810 1348 989 1400 quadam
1006 1348 1211 1400 aequabili
1227 1348 1447 1400 profluens,

238 1424 324 1459 sine
357 1420 434 1459 hac
470 1419 648 1458 iudiciali
681 1422 919 1471 asperitate,
953 1424 997 1457 et
1029 1422 1116 1458 sine
1149 1423 1447 1460 sententiarum

238 1491 459 1530 forensium
498 1491 647 1530 aculeis
685 1490 1017 1542 persequendum
1056 1496 1131 1529 est.
1187 1491 1346 1530 Harum
1383 1497 1447 1532 tot

239 1569 531 1614 tantarumque
565 1575 702 1600 rerum
736 1562 938 1600 videtisne
972 1561 1054 1599 ulla
1088 1575 1177 1600 esse
1210 1568 1447 1614 praecepta,

238 1648 344 1687 quae
363 1637 404 1672 in
425 1634 580 1672 artibus
599 1632 810 1671 rhetorum
829 1635 1087 1683 reperiantur
1105 1633 1120 1671 ?

291 1705 339 1743 In
357 1705 503 1743 eodem
521 1704 682 1742 silentio
699 1704 830 1742 multa
849 1703 927 1741 alia
943 1709 1151 1742 oratorum
1168 1704 1297 1742 officia
1313 1707 1446 1744 iacue-

236 1782 346 1822 runt,
388 1775 705 1821 cohortationes,
747 1774 1058 1820 consolationes,
1098 1780 1335 1827 praecepta,
1377 1776 1447 1815 ad-

236 1850 421 1886 monita:
469 1860 575 1899 quae
607 1846 825 1885 tractanda
857 1851 953 1884 sunt
985 1848 1120 1884 omnia
1153 1845 1446 1894 disertissime3

237 1919 311 1957 sed
336 1919 469 1957 locum
497 1931 615 1956 suum
642 1920 684 1956 in
709 1917 771 1955 his
799 1917 968 1962 artibus,
996 1930 1102 1969 quae
1130 1917 1308 1956 traditae
1335 1923 1444 1964 sunt,

175 1999 218 2031 65
236 1990 393 2029 habent
411 1989 579 2027 nullum.
635 1989 776 2040 Atque
790 1991 830 2026 in
848 1987 924 2026 hoc
941 2001 1095 2041 genere
1113 1987 1181 2026 illa
1199 2001 1363 2040 quoque
1382 1994 1446 2028 est

236 2073 313 2107 244
