1560 2294
721 103 926 143 CICERO

218 211 394 255 veniam,
421 210 455 247 si
480 212 673 254 musicus,
700 211 733 247 si
759 211 1066 260 grammaticus,
1093 210 1126 247 si
1151 213 1278 260 poeta
1303 221 1426 260 quae·

217 281 345 321 ratur,
363 278 515 327 possim
534 275 721 313 similiter
740 275 958 326 explicare,
977 275 1077 327 quid
1095 289 1237 314 eorum
1254 277 1428 328 quisque

216 343 474 394 profiteatur,
496 348 541 381 et
561 356 642 394 quo
662 356 745 381 non
765 342 938 394 amplius
959 343 1011 381 ab
1031 355 1196 394 quoque
1215 344 1270 381 sit
1287 348 1428 394 postu-

216 409 396 448 landum.
453 408 688 461 Philosophi
708 409 886 461 denique
906 412 1046 461 ipsius,
1067 412 1137 462 qui
1157 409 1209 448 de
1229 423 1304 448 sua
1322 412 1361 448 vi
1381 423 1428 449 ac

154 490 156 493 ’
216 480 421 528 sapientia
455 491 559 515 unus
588 479 726 515 omnia
758 490 893 528 paene
926 477 1159 529 profitetur,
1188 482 1253 516 est
1286 482 1428 516 tamen

216 544 422 596 quaedam
440 544 674 595 descriptio,
691 549 740 583 ut
756 547 803 590 is,
821 547 891 596 qui
908 544 1076 583 studeat
1092 546 1275 583 omnium
1290 557 1427 584 rerum

216 611 445 650 divinarum
460 617 586 663 atque
600 610 873 650 humanarum
886 614 983 658 vim,
997 617 1188 650 naturam
1201 625 1426 664 causasque

215 692 349 725 nosse,
379 684 423 717 et
452 693 618 717 omnem
646 679 754 717 bene
783 678 947 717 vivendi
975 681 1180 717 rationem
1208 684 1353 718 tenere
1382 685 1427 718 et

130 752 198 786 213
215 749 421 798 persequi,
443 749 608 785 nomine
630 745 708 784 hoc
730 745 974 797 appelletur.
1031 745 1249 785 Oratorem
1271 752 1427 794 autem,

216 816 410 865 quoniam
434 813 487 852 de
513 827 563 852 eo
587 816 836 865 quaerimus,
862 813 1055 865 equidem
1079 826 1162 852 non
1185 812 1290 852 facio
1315 826 1428 852 eum-

215 880 326 926 dem,
363 893 489 932 quem
525 879 693 918 Crassus
712 893 722 926 3
774 883 844 932 qui
880 879 980 918 mihi
1017 882 1125 918 visus
1162 885 1227 919 est
1262 894 1427 920 omnem

215 950 399 986 omnium
424 961 562 986 rerum
590 953 717 999 atque
745 949 895 985 artium
922 949 1136 986 scientiam
1162 947 1428 999 comprehen-

215 1014 315 1054 dere
334 1029 416 1053 uno
435 1017 606 1053 oratoris
625 1015 754 1053 officio
773 1028 820 1052 ac
838 1017 1004 1053 nomine
1023 1028 1032 1053 t
1067 1020 1193 1066 atquc
1213 1028 1308 1053 eum
1324 1021 1428 1067 puto

217 1097 321 1130 esse,
341 1087 410 1135 qui
430 1084 563 1122 verbis
584 1083 637 1122 ad
660 1083 911 1122 audiendum
929 1082 1130 1129 iucundis,
1149 1088 1194 1122 et
1211 1087 1428 1123 sententiis

217 1151 270 1189 ad
305 1150 564 1202 probandum
601 1150 918 1189 accommodatis
956 1152 1018 1188 uti
1054 1152 1183 1201 possit
1218 1153 1261 1188 in
1296 1154 1426 1190 causis

216 1217 445 1257 forensibus
481 1223 608 1269 atque
644 1218 939 1256 communibus.
995 1217 1117 1255 Hunc
1153 1230 1231 1270 ego
1266 1218 1427 1270 appello

217 1291 437 1331 oratorem,
467 1298 646 1337 eumque
676 1298 766 1323 esse
794 1290 1013 1336 praeterea
1040 1287 1287 1323 instructum
1314 1299 1428 1334 voce,

218 1358 263 1391 et
282 1355 458 1398 actione,
477 1357 522 1391 et
539 1352 679 1403 lepore
699 1351 879 1404 quodam
897 1351 1000 1390 volo.

134 1428 200 1461 214
270 1419 438 1458 Crassus
465 1432 561 1458 vero
587 1419 687 1457 mihi
713 1425 854 1458 noster
880 1421 988 1457 visus
1015 1424 1080 1457 est
1106 1421 1277 1458 oratoris
1302 1418 1429 1459 facul-

219 1493 352 1526 tatem
370 1500 452 1525 non
468 1486 574 1525 illius
593 1489 691 1525 artis
708 1488 909 1532 terminis,
926 1485 1000 1524 sed
1016 1488 1171 1538 ingenii
1188 1489 1250 1524 sui
1268 1486 1429 1536 finibus,

217 1556 426 1593 immensis
451 1567 600 1605 paene,
626 1553 870 1592 describere.
926 1553 1033 1591 Nam
1059 1558 1104 1592 et
1128 1555 1342 1592 civitatum
1366 1568 1429 1594 re-

218 1621 447 1674 gendarum
461 1623 613 1659 oratori
627 1620 905 1673 gubernacula
919 1623 1128 1658 sententia
1142 1633 1216 1658 sua
1229 1621 1401 1660 tradidit
1419 1636 1429 1662 ι

218 1691 261 1727 in
286 1702 367 1741 quo
392 1701 467 1739 per
490 1687 591 1726 mihi
616 1690 764 1725 mirum
790 1690 921 1726 visum
947 1693 1025 1733 est,
1050 1686 1258 1734 Scaevola,
1283 1693 1328 1726 te
1353 1688 1430 1728 hoc

219 1756 276 1794 illi
305 1755 560 1801 concedere3
595 1769 689 1794 cum
715 1757 951 1806 saepissime
980 1754 1057 1792 tibi
1086 1753 1276 1800 Senatus,
1298 1755 1430 1794 brevi-

219 1828 284 1862 ter
296 1822 564 1874 impoliteque
579 1822 747 1867 dicenti,
759 1823 948 1859 maximis
961 1824 1015 1859 sit
1027 1821 1080 1859 de
1092 1821 1214 1860 rebus
1228 1834 1427 1862 assensus.

221 1890 282 1928 M.
304 1903 399 1928 vero
420 1888 608 1934 Scaurus,
628 1902 753 1940 quem
773 1902 855 1927 non
873 1888 1011 1940 longe,
1030 1890 1126 1934 ruri,
1147 1888 1257 1940 apud
1275 1901 1319 1927 se
1339 1902 1429 1929 esse

221 1957 357 2004 audio,
400 1959 460 1996 vir
503 1955 710 2009 regendae
754 1955 1003 2008 reipublicae
1047 1957 1354 2003 scientissimus,
1395 1959 1429 1995 si

226 2063 299 2100 150
