1560 2294
780 126 985 166 CICERO

275 233 421 272 talium
461 232 610 271 iudicio
651 232 777 271 tribui
818 231 1065 270 laudationis
1106 235 1183 270 est.
1253 228 1487 268 Sumendae

275 313 417 345 autem
446 319 511 345 res
543 311 665 344 erunt
695 311 769 344 aut
797 304 1085 357 magnitudine
1114 303 1384 356 praestabiles
1414 307 1488 341 aut

273 383 459 419 novitate
482 382 640 431 primae
666 385 740 417 aut
764 392 918 431 genere
943 381 1032 430 ipso
1057 377 1283 430 singulares
1302 389 1313 424 ;
1351 389 1487 429 neque

273 456 384 492 enim
405 466 557 505 parvae
579 466 717 504 neque
740 455 920 491 usitatae
942 465 1079 503 neque
1102 451 1291 503 vulgares
1314 450 1488 489 admira-

190 539 256 571 348
274 530 387 566 tione
418 532 491 565 aut
521 529 686 565 omnino
716 526 839 564 laude
870 526 1020 578 dignae
1051 525 1180 563 videri
1210 524 1356 563 solent.
1410 524 1488 563 Est

275 604 402 640 etiam
426 615 520 639 cum
545 603 693 639 ceteris
718 600 1026 652 praestantibus
1051 601 1145 637 viris
1169 601 1422 650 comparatio
1445 601 1487 637 in

273 675 510 714 laudatione
544 673 766 726 praeclara.
823 673 890 712 De
924 687 1006 725 quo
1039 685 1193 725 genere
1225 671 1390 711 libitum
1423 676 1487 711 est

272 749 372 787 mihi
400 748 523 800 paulo
544 747 663 799 plura
684 761 809 799 quam
831 747 1095 786 ostenderam
1123 746 1274 792 dicere,
1295 760 1379 785 non
1399 752 1486 785 tam

271 828 441 875 propter
464 836 584 860 usum
606 820 828 867 forensem,
852 823 922 872 qui
946 826 1010 859 est
1034 833 1059 858 a
1080 833 1148 858 me
1171 823 1283 858 omni
1304 819 1382 859 hoc
1404 833 1487 859 ser-

271 910 393 935 mone
411 901 629 941 tractatus,
648 908 773 947 quam
791 900 839 933 ut
855 893 933 933 hoe
951 893 1160 940 videretis,
1178 896 1211 932 si
1228 893 1485 933 laudationes

273 976 412 1010 essent
438 973 481 1008 in
508 971 679 1008 oratoris
706 968 850 1014 officio,
878 967 989 1020 quod
1015 981 1138 1006 nemo
1165 973 1308 1020 negat,
1335 970 1485 1007 oratori

272 1048 472 1083 virtutum
509 1045 692 1081 omnium
729 1044 1007 1094 cognitionem
1049 1043 1137 1080 sine
1174 1055 1257 1093 qua
1303 1041 1486 1081 laudatio

187 1125 253 1158 349
271 1119 374 1157 effici
399 1131 482 1156 non
507 1119 637 1168 possit
664 1129 753 1154 esse
773 1117 1059 1154 necessariam.
1115 1115 1205 1154 Iam
1225 1116 1485 1167 vituperandi

270 1197 494 1247 praecepta
506 1192 718 1229 contrariis
732 1203 784 1228 ex
792 1191 900 1227 vitiis
913 1188 1114 1227 sumenda
1123 1202 1212 1227 esse
1224 1192 1484 1241 perspicuum

271 1272 365 1312 est3
405 1264 524 1303 simul
551 1269 616 1302 est
641 1263 742 1301 illud
768 1268 867 1301 ante
893 1262 1045 1308 oeulos,
1071 1275 1148 1301 nec
1173 1263 1328 1302 bonum
1354 1266 1484 1303 virum

270 1341 433 1392 proprie
459 1343 503 1376 et
527 1340 690 1388 copiose
714 1336 873 1374 laudari
898 1338 985 1374 sine
1010 1338 1211 1375 virtutum
1235 1350 1312 1376 nec
1335 1340 1484 1389 impro-

270 1414 369 1452 bum
399 1413 534 1450 notari
571 1424 619 1449 ac
649 1412 872 1461 vituperari
910 1412 998 1448 sine
1028 1412 1220 1448 vitiorum
1250 1414 1483 1463 cognitione

270 1489 369 1525 satis
385 1487 580 1537 insignite
598 1490 724 1536 atque
742 1497 887 1535 aspere
903 1496 1035 1535 posse.
1091 1483 1233 1536 Atque
1249 1484 1311 1523 his
1327 1485 1423 1524 locis
1440 1490 1484 1525 et

270 1559 465 1599 laudandi
489 1564 534 1597 et
556 1557 818 1609 vituperandi
840 1571 966 1609 saepe
989 1558 1106 1596 nobis
1130 1563 1195 1597 est
1217 1559 1420 1598 utendum
1441 1562 1484 1598 in

271 1637 382 1673 omni
400 1645 554 1685 genere
573 1645 800 1670 causarum.

186 1717 253 1750 350
323 1707 514 1752 Habetis,
532 1705 585 1744 de
603 1705 859 1743 inveniendis
878 1705 1000 1743 rebus
1019 1705 1366 1758 disponendisque
1385 1707 1484 1759 quid

272 1783 478 1827 sentiam3
525 1779 748 1831 adiungam
780 1781 907 1817 etiam
938 1778 991 1817 de
1022 1781 1235 1826 memoria,
1266 1785 1314 1819 ut
1343 1779 1483 1820 labore

271 1854 462 1893 Crassum
500 1853 635 1892 levem
665 1865 802 1904 neque
833 1855 871 1891 ei
905 1852 1132 1904 quidquam
1170 1852 1281 1892 aliud
1318 1853 1371 1893 de
1401 1868 1483 1907 quo

269 1928 444 1967 disserat
463 1927 694 1979 relinquam
715 1928 791 1964 nisi
813 1939 863 1964 ea
883 1927 1031 1978 quibus
1051 1925 1155 1965 haec
1176 1933 1439 1966 exornentur.

324 2000 553 2040 LXXXVI.
604 1999 737 2052 Perge
775 2013 886 2046 vero,
918 2002 1052 2052 inquit
1091 1999 1273 2047 Crassus,
1305 2000 1484 2040 libenter

268 2085 344 2120 462
