<?xml version="1.0" encoding="UTF-8"?>
<!DOCTYPE html PUBLIC "-//W3C//DTD XHTML 1.0 Transitional//EN"
    "http://www.w3.org/TR/xhtml1/DTD/xhtml1-transitional.dtd">
<html xmlns="http://www.w3.org/1999/xhtml" xml:lang="en" lang="en">
 <head>
  <title>
</title>
<meta http-equiv="Content-Type" content="text/html;charset=utf-8" />
  <meta name='ocr-system' content='tesseract 3.04.00' />
  <meta name='ocr-capabilities' content='ocr_page ocr_carea ocr_par ocr_line ocrx_word'/>
</head>
<body>
  <div class='ocr_page' id='page_1' title='image "./cicerodeoratore01ciceuoft_0304.png"; bbox 0 0 1560 2294; ppageno 0'>
   <div class='ocr_carea' id='block_1_1' title="bbox 754 124 957 164">
    <p class='ocr_par' dir='ltr' id='par_1_1' title="bbox 754 124 957 164">
     <span class='ocr_line' id='line_1_1' title="bbox 754 124 957 164; baseline 0.005 -1"><span class='ocrx_word' id='word_1_1' title='bbox 754 124 957 164; x_wconf 89' lang='lat' dir='ltr'>CICERO</span> 
     </span>
    </p>
   </div>
   <div class='ocr_carea' id='block_1_2' title="bbox 168 227 1466 2119">
    <p class='ocr_par' dir='ltr' id='par_1_2' title="bbox 250 227 1461 485">
     <span class='ocr_line' id='line_1_2' title="bbox 250 227 1459 280; baseline -0.001 -13"><span class='ocrx_word' id='word_1_2' title='bbox 250 230 385 267; x_wconf 81' lang='lat' dir='ltr'><strong>riserit</strong></span> <span class='ocrx_word' id='word_1_3' title='bbox 400 228 544 280; x_wconf 86' lang='lat' dir='ltr'><strong>aliquis</strong></span> <span class='ocrx_word' id='word_1_4' title='bbox 560 227 734 267; x_wconf 88' lang='lat' dir='ltr'><strong>fortasse</strong></span> <span class='ocrx_word' id='word_1_5' title='bbox 750 227 828 267; x_wconf 89' lang='lat' dir='ltr'><strong>hoc</strong></span> <span class='ocrx_word' id='word_1_6' title='bbox 842 233 1137 280; x_wconf 79' lang='lat' dir='ltr'><strong>praeceptum3</strong></span> <span class='ocrx_word' id='word_1_7' title='bbox 1168 233 1233 268; x_wconf 86' lang='lat' dir='ltr'><strong>est</strong></span> <span class='ocrx_word' id='word_1_8' title='bbox 1249 230 1358 268; x_wconf 91' lang='lat' dir='ltr'><strong>enim</strong></span> <span class='ocrx_word' id='word_1_9' title='bbox 1377 241 1459 266; x_wconf 90' lang='lat' dir='ltr'><strong>non</strong></span> 
     </span>
     <span class='ocr_line' id='line_1_3' title="bbox 250 298 1459 349; baseline 0 -14"><span class='ocrx_word' id='word_1_10' title='bbox 250 302 338 336; x_wconf 90' lang='lat' dir='ltr'><strong>tam</strong></span> <span class='ocrx_word' id='word_1_11' title='bbox 359 302 540 342; x_wconf 86' lang='lat' dir='ltr'><strong>acutum,</strong></span> <span class='ocrx_word' id='word_1_12' title='bbox 561 309 686 348; x_wconf 90' lang='lat' dir='ltr'><strong>quam</strong></span> <span class='ocrx_word' id='word_1_13' title='bbox 706 299 994 342; x_wconf 90' lang='lat' dir='ltr'><strong>necessarium,</strong></span> <span class='ocrx_word' id='word_1_14' title='bbox 1014 299 1228 349; x_wconf 88' lang='lat' dir='ltr'><strong>magisque</strong></span> <span class='ocrx_word' id='word_1_15' title='bbox 1248 298 1459 335; x_wconf 89' lang='lat' dir='ltr'><strong>monitoris</strong></span> 
     </span>
     <span class='ocr_line' id='line_1_4' title="bbox 250 363 1460 417; baseline 0.001 -15"><span class='ocrx_word' id='word_1_16' title='bbox 250 378 332 403; x_wconf 93' lang='lat' dir='ltr'><strong>non</strong></span> <span class='ocrx_word' id='word_1_17' title='bbox 365 364 484 411; x_wconf 87' lang='lat' dir='ltr'><strong>fatui,</strong></span> <span class='ocrx_word' id='word_1_18' title='bbox 519 378 644 416; x_wconf 89' lang='lat' dir='ltr'><strong>quam</strong></span> <span class='ocrx_word' id='word_1_19' title='bbox 679 364 830 403; x_wconf 86' lang='lat' dir='ltr'><strong>eruditi</strong></span> <span class='ocrx_word' id='word_1_20' title='bbox 862 363 1178 417; x_wconf 88' lang='lat' dir='ltr'><strong>magistri—hoc</strong></span> <span class='ocrx_word' id='word_1_21' title='bbox 1212 367 1251 403; x_wconf 90' lang='lat' dir='ltr'><strong>ei</strong></span> <span class='ocrx_word' id='word_1_22' title='bbox 1282 367 1460 416; x_wconf 90' lang='lat' dir='ltr'><strong>primum</strong></span> 
     </span>
     <span class='ocr_line' id='line_1_5' title="bbox 250 435 1461 485; baseline 0 -14"><span class='ocrx_word' id='word_1_23' title='bbox 250 435 562 485; x_wconf 86' lang='lat' dir='ltr'><strong>praecipiemus,</strong></span> <span class='ocrx_word' id='word_1_24' title='bbox 579 446 859 485; x_wconf 88' lang='lat' dir='ltr'><strong>quascumque</strong></span> <span class='ocrx_word' id='word_1_25' title='bbox 877 446 1018 471; x_wconf 84' lang='lat' dir='ltr'>causas</span> <span class='ocrx_word' id='word_1_26' title='bbox 1037 435 1116 472; x_wconf 92' lang='lat' dir='ltr'><strong>erit</strong></span> <span class='ocrx_word' id='word_1_27' title='bbox 1131 438 1396 479; x_wconf 79' lang='lat' dir='ltr'><strong>tractaturus,</strong></span> <span class='ocrx_word' id='word_1_28' title='bbox 1412 437 1461 472; x_wconf 93' lang='lat' dir='ltr'><strong>ut</strong></span> 
     </span>
    </p>

    <p class='ocr_par' dir='ltr' id='par_1_3' title="bbox 168 501 1463 1309">
     <span class='ocr_line' id='line_1_6' title="bbox 168 501 1461 554; baseline 0 -14"><span class='ocrx_word' id='word_1_29' title='bbox 168 509 232 544; x_wconf 89' lang='grc'><strong>100</strong></span> <span class='ocrx_word' id='word_1_30' title='bbox 252 515 320 540; x_wconf 90' lang='lat' dir='ltr'><strong>eas</strong></span> <span class='ocrx_word' id='word_1_31' title='bbox 353 501 573 554; x_wconf 86' lang='lat' dir='ltr'><strong>diligenter</strong></span> <span class='ocrx_word' id='word_1_32' title='bbox 604 503 853 553; x_wconf 87' lang='lat' dir='ltr'><strong>penitusque</strong></span> <span class='ocrx_word' id='word_1_33' title='bbox 886 507 1117 554; x_wconf 86' lang='lat' dir='ltr'><strong>cognoscat.</strong></span> <span class='ocrx_word' id='word_1_34' title='bbox 1172 501 1263 541; x_wconf 91' lang='lat' dir='ltr'><strong>Hoc</strong></span> <span class='ocrx_word' id='word_1_35' title='bbox 1290 504 1334 540; x_wconf 91' lang='lat' dir='ltr'><strong>in</strong></span> <span class='ocrx_word' id='word_1_36' title='bbox 1364 501 1461 540; x_wconf 87' lang='lat' dir='ltr'><strong>ludo</strong></span> 
     </span>
     <span class='ocr_line' id='line_1_7' title="bbox 251 568 1461 622; baseline 0.001 -13"><span class='ocrx_word' id='word_1_37' title='bbox 251 584 333 609; x_wconf 93' lang='lat' dir='ltr'><strong>non</strong></span> <span class='ocrx_word' id='word_1_38' title='bbox 371 572 621 622; x_wconf 89' lang='lat' dir='ltr'><strong>praecipitur</strong></span> <span class='ocrx_word' id='word_1_39' title='bbox 640 583 649 608; x_wconf 72' lang='grc' dir='ltr'><strong><em>ε</em></strong></span> <span class='ocrx_word' id='word_1_40' title='bbox 702 568 842 608; x_wconf 86' lang='lat' dir='ltr'><strong>faciles</strong></span> <span class='ocrx_word' id='word_1_41' title='bbox 883 573 993 609; x_wconf 89' lang='lat' dir='ltr'><strong>enim</strong></span> <span class='ocrx_word' id='word_1_42' title='bbox 1030 583 1177 609; x_wconf 89' lang='lat' dir='ltr'><strong>causae</strong></span> <span class='ocrx_word' id='word_1_43' title='bbox 1220 570 1274 610; x_wconf 89' lang='lat' dir='ltr'><strong>ad</strong></span> <span class='ocrx_word' id='word_1_44' title='bbox 1313 583 1461 622; x_wconf 90' lang='lat' dir='ltr'><strong>pueros</strong></span> 
     </span>
     <span class='ocr_line' id='line_1_8' title="bbox 252 637 1462 691; baseline 0.001 -14"><span class='ocrx_word' id='word_1_45' title='bbox 252 637 507 678; x_wconf 87' lang='lat' dir='ltr'><strong>deferuntur.</strong></span> <span class='ocrx_word' id='word_1_46' title='bbox 575 638 583 652; x_wconf 90' lang='lat'>‘</span> <span class='ocrx_word' id='word_1_47' title='bbox 603 638 694 677; x_wconf 84' lang='lat' dir='ltr'><strong>Lex</strong></span> <span class='ocrx_word' id='word_1_48' title='bbox 739 641 1003 691; x_wconf 88' lang='lat' dir='ltr'><strong>peregrinum</strong></span> <span class='ocrx_word' id='word_1_49' title='bbox 1049 644 1166 679; x_wconf 89' lang='lat' dir='ltr'><strong>vetat</strong></span> <span class='ocrx_word' id='word_1_50' title='bbox 1211 641 1255 678; x_wconf 91' lang='lat' dir='ltr'><strong>in</strong></span> <span class='ocrx_word' id='word_1_51' title='bbox 1299 653 1462 678; x_wconf 91' lang='lat' dir='ltr'><strong>murum</strong></span> 
     </span>
     <span class='ocr_line' id='line_1_9' title="bbox 254 707 1462 760; baseline 0.001 -14"><span class='ocrx_word' id='word_1_52' title='bbox 254 708 474 746; x_wconf 89' lang='lat' dir='ltr'><strong>ascendere</strong></span> <span class='ocrx_word' id='word_1_53' title='bbox 493 720 503 754; x_wconf 91' lang='lat'>;</span> <span class='ocrx_word' id='word_1_54' title='bbox 546 707 759 754; x_wconf 82' lang='lat' dir='ltr'><strong>ascendit3</strong></span> <span class='ocrx_word' id='word_1_55' title='bbox 804 707 944 746; x_wconf 92' lang='lat' dir='ltr'><strong>hostes</strong></span> <span class='ocrx_word' id='word_1_56' title='bbox 990 707 1170 760; x_wconf 82' lang='lat' dir='ltr'><strong>repulit3</strong></span> <span class='ocrx_word' id='word_1_57' title='bbox 1221 707 1462 747; x_wconf 62' lang='lat' dir='ltr'><strong>accusatur!</strong></span> 
     </span>
     <span class='ocr_line' id='line_1_10' title="bbox 254 776 1461 829; baseline 0.001 -14"><span class='ocrx_word' id='word_1_58' title='bbox 254 776 364 815; x_wconf 93' lang='lat' dir='ltr'><strong>Nihil</strong></span> <span class='ocrx_word' id='word_1_59' title='bbox 384 782 448 815; x_wconf 89' lang='lat' dir='ltr'><strong>est</strong></span> <span class='ocrx_word' id='word_1_60' title='bbox 467 779 624 828; x_wconf 90' lang='lat' dir='ltr'><strong>negotii</strong></span> <span class='ocrx_word' id='word_1_61' title='bbox 645 776 843 815; x_wconf 89' lang='lat' dir='ltr'><strong>eiusmodi</strong></span> <span class='ocrx_word' id='word_1_62' title='bbox 863 789 1028 815; x_wconf 88' lang='lat' dir='ltr'><strong>causam</strong></span> <span class='ocrx_word' id='word_1_63' title='bbox 1047 790 1292 829; x_wconf 86' lang='lat' dir='ltr'><strong>cognoscere</strong></span> <span class='ocrx_word' id='word_1_64' title='bbox 1310 789 1321 823; x_wconf 92' lang='lat'>;</span> <span class='ocrx_word' id='word_1_65' title='bbox 1348 781 1461 816; x_wconf 84' lang='lat' dir='ltr'><strong>recte</strong></span> 
     </span>
     <span class='ocr_line' id='line_1_11' title="bbox 252 844 1463 898; baseline 0.001 -15"><span class='ocrx_word' id='word_1_66' title='bbox 252 848 379 898; x_wconf 88' lang='lat' dir='ltr'><strong>igitur</strong></span> <span class='ocrx_word' id='word_1_67' title='bbox 416 844 515 883; x_wconf 88' lang='lat' dir='ltr'><strong>nihil</strong></span> <span class='ocrx_word' id='word_1_68' title='bbox 553 845 605 884; x_wconf 91' lang='lat' dir='ltr'><strong>de</strong></span> <span class='ocrx_word' id='word_1_69' title='bbox 643 858 765 883; x_wconf 90' lang='lat' dir='ltr'><strong>causa</strong></span> <span class='ocrx_word' id='word_1_70' title='bbox 798 845 992 884; x_wconf 87' lang='lat' dir='ltr'><strong>discenda</strong></span> <span class='ocrx_word' id='word_1_71' title='bbox 1029 848 1315 897; x_wconf 85' lang='lat' dir='ltr'><strong>praecipiunt:</strong></span> <span class='ocrx_word' id='word_1_72' title='bbox 1359 845 1463 884; x_wconf 86' lang='lat' dir='ltr'><strong>haec</strong></span> 
     </span>
     <span class='ocr_line' id='line_1_12' title="bbox 253 913 1462 954; baseline 0.001 -1"><span class='ocrx_word' id='word_1_73' title='bbox 253 920 318 953; x_wconf 88' lang='lat' dir='ltr'><strong>est</strong></span> <span class='ocrx_word' id='word_1_74' title='bbox 347 917 457 952; x_wconf 91' lang='lat' dir='ltr'><strong>enim</strong></span> <span class='ocrx_word' id='word_1_75' title='bbox 485 917 527 952; x_wconf 89' lang='lat' dir='ltr'><strong>in</strong></span> <span class='ocrx_word' id='word_1_76' title='bbox 556 914 652 952; x_wconf 93' lang='lat' dir='ltr'><strong>ludo</strong></span> <span class='ocrx_word' id='word_1_77' title='bbox 681 927 895 952; x_wconf 89' lang='lat' dir='ltr'><strong>causarum</strong></span> <span class='ocrx_word' id='word_1_78' title='bbox 921 913 1009 953; x_wconf 88' lang='lat' dir='ltr'><strong>fere</strong></span> <span class='ocrx_word' id='word_1_79' title='bbox 1037 913 1224 953; x_wconf 87' lang='lat' dir='ltr'><strong>formula.</strong></span> <span class='ocrx_word' id='word_1_80' title='bbox 1278 914 1339 954; x_wconf 90' lang='lat' dir='ltr'><strong>At</strong></span> <span class='ocrx_word' id='word_1_81' title='bbox 1366 928 1462 954; x_wconf 89' lang='lat' dir='ltr'><strong>vero</strong></span> 
     </span>
     <span class='ocr_line' id='line_1_13' title="bbox 252 982 1462 1035; baseline 0.001 -14"><span class='ocrx_word' id='word_1_82' title='bbox 252 985 294 1022; x_wconf 93' lang='lat' dir='ltr'><strong>in</strong></span> <span class='ocrx_word' id='word_1_83' title='bbox 317 982 419 1028; x_wconf 88' lang='lat' dir='ltr'><strong>foro,</strong></span> <span class='ocrx_word' id='word_1_84' title='bbox 439 982 621 1028; x_wconf 88' lang='lat' dir='ltr'><strong>tabulae,</strong></span> <span class='ocrx_word' id='word_1_85' title='bbox 644 985 896 1028; x_wconf 85' lang='lat' dir='ltr'><strong>testimonia,</strong></span> <span class='ocrx_word' id='word_1_86' title='bbox 914 988 1038 1034; x_wconf 88' lang='lat' dir='ltr'><strong>pacta</strong></span> <span class='ocrx_word' id='word_1_87' title='bbox 1060 988 1276 1030; x_wconf 89' lang='lat' dir='ltr'><strong>conventa,</strong></span> <span class='ocrx_word' id='word_1_88' title='bbox 1294 983 1462 1035; x_wconf 91' lang='lat' dir='ltr'><strong>stipula-</strong></span> 
     </span>
     <span class='ocr_line' id='line_1_14' title="bbox 252 1051 1463 1104; baseline 0.002 -15"><span class='ocrx_word' id='word_1_89' title='bbox 252 1054 400 1097; x_wconf 89' lang='lat' dir='ltr'><strong>tiones,</strong></span> <span class='ocrx_word' id='word_1_90' title='bbox 415 1053 695 1103; x_wconf 84' lang='lat' dir='ltr'><strong>cognationes,</strong></span> <span class='ocrx_word' id='word_1_91' title='bbox 710 1051 945 1097; x_wconf 88' lang='lat' dir='ltr'><strong>affinitates,</strong></span> <span class='ocrx_word' id='word_1_92' title='bbox 960 1051 1142 1098; x_wconf 89' lang='lat' dir='ltr'><strong>decreta,</strong></span> <span class='ocrx_word' id='word_1_93' title='bbox 1155 1065 1364 1104; x_wconf 85' lang='lat' dir='ltr'><strong>responsa,</strong></span> <span class='ocrx_word' id='word_1_94' title='bbox 1379 1054 1463 1091; x_wconf 88' lang='lat' dir='ltr'><strong>vita</strong></span> 
     </span>
     <span class='ocr_line' id='line_1_15' title="bbox 252 1120 1463 1173; baseline 0.002 -15"><span class='ocrx_word' id='word_1_95' title='bbox 252 1120 432 1171; x_wconf 91' lang='lat' dir='ltr'><strong>denique</strong></span> <span class='ocrx_word' id='word_1_96' title='bbox 460 1133 602 1158; x_wconf 92' lang='lat' dir='ltr'><strong>eorum</strong></span> <span class='ocrx_word' id='word_1_97' title='bbox 629 1122 699 1171; x_wconf 92' lang='lat' dir='ltr'><strong>qui</strong></span> <span class='ocrx_word' id='word_1_98' title='bbox 725 1122 768 1158; x_wconf 90' lang='lat' dir='ltr'><strong>in</strong></span> <span class='ocrx_word' id='word_1_99' title='bbox 794 1133 917 1158; x_wconf 88' lang='lat' dir='ltr'><strong>causa</strong></span> <span class='ocrx_word' id='word_1_100' title='bbox 943 1126 1171 1166; x_wconf 87' lang='lat' dir='ltr'><strong>versantur,</strong></span> <span class='ocrx_word' id='word_1_101' title='bbox 1198 1126 1289 1159; x_wconf 86' lang='lat' dir='ltr'><strong>tota</strong></span> <span class='ocrx_word' id='word_1_102' title='bbox 1315 1134 1463 1173; x_wconf 89' lang='lat' dir='ltr'><strong>cogno-</strong></span> 
     </span>
     <span class='ocr_line' id='line_1_16' title="bbox 252 1188 1462 1242; baseline 0.001 -15"><span class='ocrx_word' id='word_1_103' title='bbox 252 1188 403 1227; x_wconf 89' lang='lat' dir='ltr'><strong>scenda</strong></span> <span class='ocrx_word' id='word_1_104' title='bbox 438 1193 526 1226; x_wconf 90' lang='lat' dir='ltr'><strong>est:</strong></span> <span class='ocrx_word' id='word_1_105' title='bbox 572 1201 745 1240; x_wconf 90' lang='lat' dir='ltr'><strong>quarum</strong></span> <span class='ocrx_word' id='word_1_106' title='bbox 777 1201 915 1227; x_wconf 88' lang='lat' dir='ltr'><strong>rerum</strong></span> <span class='ocrx_word' id='word_1_107' title='bbox 947 1188 1214 1241; x_wconf 90' lang='lat' dir='ltr'><strong>neglegentia</strong></span> <span class='ocrx_word' id='word_1_108' title='bbox 1245 1189 1462 1242; x_wconf 88' lang='lat' dir='ltr'><strong>plerasque</strong></span> 
     </span>
     <span class='ocr_line' id='line_1_17' title="bbox 253 1256 1462 1309; baseline 0.002 -15"><span class='ocrx_word' id='word_1_109' title='bbox 253 1270 409 1302; x_wconf 89' lang='lat' dir='ltr'><strong>causas,</strong></span> <span class='ocrx_word' id='word_1_110' title='bbox 435 1261 479 1294; x_wconf 93' lang='lat' dir='ltr'><strong>et</strong></span> <span class='ocrx_word' id='word_1_111' title='bbox 502 1258 682 1294; x_wconf 88' lang='lat' dir='ltr'><strong>maxime</strong></span> <span class='ocrx_word' id='word_1_112' title='bbox 706 1258 886 1307; x_wconf 89' lang='lat' dir='ltr'><strong>privatas</strong></span> <span class='ocrx_word' id='word_1_113' title='bbox 911 1256 1025 1308; x_wconf 88' lang='lat' dir='ltr'><strong>(sunt</strong></span> <span class='ocrx_word' id='word_1_114' title='bbox 1049 1259 1159 1295; x_wconf 90' lang='lat' dir='ltr'><strong>enim</strong></span> <span class='ocrx_word' id='word_1_115' title='bbox 1182 1257 1314 1296; x_wconf 90' lang='lat' dir='ltr'><strong>multo</strong></span> <span class='ocrx_word' id='word_1_116' title='bbox 1338 1271 1462 1309; x_wconf 90' lang='lat' dir='ltr'><strong>saepe</strong></span> 
     </span>
    </p>

    <p class='ocr_par' dir='ltr' id='par_1_4' title="bbox 172 1323 1466 1993">
     <span class='ocr_line' id='line_1_18' title="bbox 172 1323 1463 1377; baseline -0.002 -8"><span class='ocrx_word' id='word_1_117' title='bbox 172 1336 234 1369; x_wconf 92' lang='lat'><strong>101</strong></span> <span class='ocrx_word' id='word_1_118' title='bbox 254 1323 521 1377; x_wconf 86' lang='lat' dir='ltr'><strong>obscuriores)</strong></span> <span class='ocrx_word' id='word_1_119' title='bbox 566 1324 750 1363; x_wconf 86' lang='lat' dir='ltr'><strong>videmus</strong></span> <span class='ocrx_word' id='word_1_120' title='bbox 795 1327 944 1363; x_wconf 88' lang='lat' dir='ltr'><strong>amitti.</strong></span> <span class='ocrx_word' id='word_1_121' title='bbox 1015 1325 1082 1364; x_wconf 86' lang='lat' dir='ltr'><strong>Ita</strong></span> <span class='ocrx_word' id='word_1_122' title='bbox 1125 1326 1321 1373; x_wconf 89' lang='lat' dir='ltr'><strong>nonnulli,</strong></span> <span class='ocrx_word' id='word_1_123' title='bbox 1365 1326 1463 1366; x_wconf 87' lang='lat' dir='ltr'><strong>dum</strong></span> 
     </span>
     <span class='ocr_line' id='line_1_19' title="bbox 255 1393 1464 1445; baseline 0.003 -14"><span class='ocrx_word' id='word_1_124' title='bbox 255 1407 422 1445; x_wconf 84' lang='lat' dir='ltr'><strong>operam</strong></span> <span class='ocrx_word' id='word_1_125' title='bbox 444 1406 559 1431; x_wconf 91' lang='lat' dir='ltr'><strong>suam</strong></span> <span class='ocrx_word' id='word_1_126' title='bbox 580 1393 754 1432; x_wconf 88' lang='lat' dir='ltr'><strong>multam</strong></span> <span class='ocrx_word' id='word_1_127' title='bbox 776 1395 1001 1432; x_wconf 88' lang='lat' dir='ltr'><strong>existimari</strong></span> <span class='ocrx_word' id='word_1_128' title='bbox 1021 1393 1177 1440; x_wconf 90' lang='lat' dir='ltr'><strong>volunt,</strong></span> <span class='ocrx_word' id='word_1_129' title='bbox 1197 1400 1246 1434; x_wconf 92' lang='lat' dir='ltr'><strong>ut</strong></span> <span class='ocrx_word' id='word_1_130' title='bbox 1265 1400 1356 1434; x_wconf 85' lang='lat' dir='ltr'><strong>toto</strong></span> <span class='ocrx_word' id='word_1_131' title='bbox 1375 1394 1464 1435; x_wconf 90' lang='lat' dir='ltr'><strong>foro</strong></span> 
     </span>
     <span class='ocr_line' id='line_1_20' title="bbox 256 1461 1463 1510; baseline 0.002 -9"><span class='ocrx_word' id='word_1_132' title='bbox 256 1462 426 1501; x_wconf 87' lang='lat' dir='ltr'><strong>volitare</strong></span> <span class='ocrx_word' id='word_1_133' title='bbox 453 1467 496 1500; x_wconf 88' lang='lat' dir='ltr'><strong>et</strong></span> <span class='ocrx_word' id='word_1_134' title='bbox 521 1475 546 1499; x_wconf 89' lang='lat' dir='ltr'><strong>a</strong></span> <span class='ocrx_word' id='word_1_135' title='bbox 570 1475 692 1500; x_wconf 90' lang='lat' dir='ltr'><strong>causa</strong></span> <span class='ocrx_word' id='word_1_136' title='bbox 717 1461 771 1500; x_wconf 91' lang='lat' dir='ltr'><strong>ad</strong></span> <span class='ocrx_word' id='word_1_137' title='bbox 794 1474 959 1500; x_wconf 87' lang='lat' dir='ltr'><strong>causam</strong></span> <span class='ocrx_word' id='word_1_138' title='bbox 983 1465 1042 1500; x_wconf 90' lang='lat' dir='ltr'><strong>ire</strong></span> <span class='ocrx_word' id='word_1_139' title='bbox 1067 1462 1298 1510; x_wconf 89' lang='lat' dir='ltr'><strong>videantur,</strong></span> <span class='ocrx_word' id='word_1_140' title='bbox 1322 1477 1463 1503; x_wconf 84' lang='lat' dir='ltr'><strong>causas</strong></span> 
     </span>
     <span class='ocr_line' id='line_1_21' title="bbox 256 1529 1465 1586; baseline 0.002 -16"><span class='ocrx_word' id='word_1_141' title='bbox 256 1531 398 1570; x_wconf 90' lang='lat' dir='ltr'><strong>dicunt</strong></span> <span class='ocrx_word' id='word_1_142' title='bbox 428 1532 669 1582; x_wconf 87' lang='lat' dir='ltr'><strong>incognitas.</strong></span> <span class='ocrx_word' id='word_1_143' title='bbox 728 1529 778 1568; x_wconf 88' lang='lat' dir='ltr'><strong>In</strong></span> <span class='ocrx_word' id='word_1_144' title='bbox 808 1543 890 1582; x_wconf 91' lang='lat' dir='ltr'><strong>quo</strong></span> <span class='ocrx_word' id='word_1_145' title='bbox 923 1535 987 1569; x_wconf 89' lang='lat' dir='ltr'><strong>est</strong></span> <span class='ocrx_word' id='word_1_146' title='bbox 1017 1530 1086 1569; x_wconf 89' lang='lat' dir='ltr'><strong>illa</strong></span> <span class='ocrx_word' id='word_1_147' title='bbox 1117 1531 1284 1583; x_wconf 91' lang='lat' dir='ltr'><strong>quidem</strong></span> <span class='ocrx_word' id='word_1_148' title='bbox 1313 1546 1465 1586; x_wconf 81' lang='lat' dir='ltr'><strong>magna</strong></span> 
     </span>
     <span class='ocr_line' id='line_1_22' title="bbox 255 1598 1464 1654; baseline 0.002 -16"><span class='ocrx_word' id='word_1_149' title='bbox 255 1598 437 1645; x_wconf 87' lang='lat' dir='ltr'><strong>offensio,</strong></span> <span class='ocrx_word' id='word_1_150' title='bbox 462 1598 527 1637; x_wconf 90' lang='lat' dir='ltr'><strong>vel</strong></span> <span class='ocrx_word' id='word_1_151' title='bbox 552 1598 859 1650; x_wconf 87' lang='lat' dir='ltr'><strong>neglegentiae,</strong></span> <span class='ocrx_word' id='word_1_152' title='bbox 879 1602 1078 1651; x_wconf 88' lang='lat' dir='ltr'><strong>susceptis</strong></span> <span class='ocrx_word' id='word_1_153' title='bbox 1098 1600 1245 1646; x_wconf 87' lang='lat' dir='ltr'><strong>rebus;</strong></span> <span class='ocrx_word' id='word_1_154' title='bbox 1284 1600 1350 1640; x_wconf 90' lang='lat' dir='ltr'><strong>vel</strong></span> <span class='ocrx_word' id='word_1_155' title='bbox 1373 1615 1464 1654; x_wconf 90' lang='lat' dir='ltr'><strong>per-</strong></span> 
     </span>
     <span class='ocr_line' id='line_1_23' title="bbox 256 1667 1464 1722; baseline 0.002 -16"><span class='ocrx_word' id='word_1_156' title='bbox 256 1668 391 1713; x_wconf 89' lang='lat' dir='ltr'><strong>fidiae,</strong></span> <span class='ocrx_word' id='word_1_157' title='bbox 410 1669 587 1718; x_wconf 88' lang='lat' dir='ltr'><strong>receptis</strong></span> <span class='ocrx_word' id='word_1_158' title='bbox 606 1679 617 1713; x_wconf 91' lang='lat'>;</span> <span class='ocrx_word' id='word_1_159' title='bbox 651 1667 725 1705; x_wconf 93' lang='lat' dir='ltr'><strong>sed</strong></span> <span class='ocrx_word' id='word_1_160' title='bbox 745 1669 872 1706; x_wconf 87' lang='lat' dir='ltr'><strong>etiam</strong></span> <span class='ocrx_word' id='word_1_161' title='bbox 895 1667 964 1706; x_wconf 88' lang='lat' dir='ltr'><strong>illa</strong></span> <span class='ocrx_word' id='word_1_162' title='bbox 982 1670 1111 1707; x_wconf 89' lang='lat' dir='ltr'><strong>maior</strong></span> <span class='ocrx_word' id='word_1_163' title='bbox 1129 1671 1334 1720; x_wconf 88' lang='lat' dir='ltr'><strong>opinione,</strong></span> <span class='ocrx_word' id='word_1_164' title='bbox 1354 1670 1464 1722; x_wconf 91' lang='lat' dir='ltr'><strong>quod</strong></span> 
     </span>
     <span class='ocr_line' id='line_1_24' title="bbox 254 1735 1464 1790; baseline 0.003 -16"><span class='ocrx_word' id='word_1_165' title='bbox 254 1749 376 1774; x_wconf 89' lang='lat' dir='ltr'><strong>nemo</strong></span> <span class='ocrx_word' id='word_1_166' title='bbox 390 1741 531 1787; x_wconf 90' lang='lat' dir='ltr'><strong>potest</strong></span> <span class='ocrx_word' id='word_1_167' title='bbox 547 1735 599 1774; x_wconf 87' lang='lat' dir='ltr'><strong>de</strong></span> <span class='ocrx_word' id='word_1_168' title='bbox 616 1748 666 1774; x_wconf 86' lang='lat' dir='ltr'><strong>ea</strong></span> <span class='ocrx_word' id='word_1_169' title='bbox 679 1749 739 1782; x_wconf 90' lang='lat' dir='ltr'><strong>re,</strong></span> <span class='ocrx_word' id='word_1_170' title='bbox 754 1749 878 1787; x_wconf 90' lang='lat' dir='ltr'><strong>quam</strong></span> <span class='ocrx_word' id='word_1_171' title='bbox 894 1749 976 1774; x_wconf 90' lang='lat' dir='ltr'><strong>non</strong></span> <span class='ocrx_word' id='word_1_172' title='bbox 991 1739 1118 1782; x_wconf 90' lang='lat' dir='ltr'><strong>novit,</strong></span> <span class='ocrx_word' id='word_1_173' title='bbox 1134 1750 1216 1775; x_wconf 92' lang='lat' dir='ltr'><strong>non</strong></span> <span class='ocrx_word' id='word_1_174' title='bbox 1231 1740 1464 1790; x_wconf 87' lang='lat' dir='ltr'><strong>turpissime</strong></span> 
     </span>
     <span class='ocr_line' id='line_1_25' title="bbox 255 1803 1466 1858; baseline 0.002 -15"><span class='ocrx_word' id='word_1_175' title='bbox 255 1804 403 1843; x_wconf 88' lang='lat' dir='ltr'><strong>dicere.</strong></span> <span class='ocrx_word' id='word_1_176' title='bbox 463 1803 529 1842; x_wconf 86' lang='lat' dir='ltr'><strong>Ita</strong></span> <span class='ocrx_word' id='word_1_177' title='bbox 545 1803 644 1842; x_wconf 92' lang='lat' dir='ltr'><strong>dum</strong></span> <span class='ocrx_word' id='word_1_178' title='bbox 657 1806 829 1842; x_wconf 90' lang='lat' dir='ltr'><strong>inertiae</strong></span> <span class='ocrx_word' id='word_1_179' title='bbox 842 1807 1201 1856; x_wconf 89' lang='lat' dir='ltr'><strong>vituperationem,</strong></span> <span class='ocrx_word' id='word_1_180' title='bbox 1217 1819 1323 1858; x_wconf 87' lang='lat' dir='ltr'><strong>quae</strong></span> <span class='ocrx_word' id='word_1_181' title='bbox 1337 1809 1466 1846; x_wconf 86' lang='lat' dir='ltr'><strong>maior</strong></span> 
     </span>
     <span class='ocr_line' id='line_1_26' title="bbox 257 1873 1464 1927; baseline 0.003 -17"><span class='ocrx_word' id='word_1_182' title='bbox 257 1878 334 1918; x_wconf 87' lang='lat' dir='ltr'><strong>est,</strong></span> <span class='ocrx_word' id='word_1_183' title='bbox 374 1877 659 1918; x_wconf 89' lang='lat' dir='ltr'><strong>contemnunt,</strong></span> <span class='ocrx_word' id='word_1_184' title='bbox 699 1877 973 1924; x_wconf 90' lang='lat' dir='ltr'><strong>assequuntur</strong></span> <span class='ocrx_word' id='word_1_185' title='bbox 1012 1875 1139 1912; x_wconf 88' lang='lat' dir='ltr'><strong>etiam</strong></span> <span class='ocrx_word' id='word_1_186' title='bbox 1176 1873 1302 1921; x_wconf 88' lang='lat' dir='ltr'><strong>illam,</strong></span> <span class='ocrx_word' id='word_1_187' title='bbox 1340 1888 1464 1927; x_wconf 88' lang='lat' dir='ltr'><strong>quam</strong></span> 
     </span>
     <span class='ocr_line' id='line_1_27' title="bbox 257 1939 921 1993; baseline 0.002 -15"><span class='ocrx_word' id='word_1_188' title='bbox 257 1943 387 1993; x_wconf 88' lang='lat' dir='ltr'><strong>magis</strong></span> <span class='ocrx_word' id='word_1_189' title='bbox 406 1943 482 1992; x_wconf 90' lang='lat' dir='ltr'><strong>ipsi</strong></span> <span class='ocrx_word' id='word_1_190' title='bbox 502 1939 681 1992; x_wconf 89' lang='lat' dir='ltr'><strong>fugiunt,</strong></span> <span class='ocrx_word' id='word_1_191' title='bbox 700 1940 921 1979; x_wconf 88' lang='lat' dir='ltr'><strong>tarditatis.</strong></span> 
     </span>
    </p>

    <p class='ocr_par' dir='ltr' id='par_1_5' title="bbox 175 2008 1463 2119">
     <span class='ocr_line' id='line_1_28' title="bbox 175 2008 1463 2064; baseline 0.002 -16"><span class='ocrx_word' id='word_1_192' title='bbox 175 2015 238 2049; x_wconf 87' lang='lat'><strong>102</strong></span> <span class='ocrx_word' id='word_1_193' title='bbox 307 2009 512 2061; x_wconf 90' lang='lat' dir='ltr'><strong>Equidem</strong></span> <span class='ocrx_word' id='word_1_194' title='bbox 533 2008 643 2047; x_wconf 89' lang='lat' dir='ltr'><strong>soleo</strong></span> <span class='ocrx_word' id='word_1_195' title='bbox 666 2008 765 2048; x_wconf 86' lang='lat' dir='ltr'><strong>dare</strong></span> <span class='ocrx_word' id='word_1_196' title='bbox 785 2022 967 2061; x_wconf 90' lang='lat' dir='ltr'><strong>operam,</strong></span> <span class='ocrx_word' id='word_1_197' title='bbox 987 2012 1035 2048; x_wconf 82' lang='lat' dir='ltr'><strong>u&#39;t</strong></span> <span class='ocrx_word' id='word_1_198' title='bbox 1057 2009 1110 2049; x_wconf 92' lang='lat' dir='ltr'><strong>de</strong></span> <span class='ocrx_word' id='word_1_199' title='bbox 1133 2023 1207 2049; x_wconf 89' lang='lat' dir='ltr'><strong>sua</strong></span> <span class='ocrx_word' id='word_1_200' title='bbox 1226 2013 1399 2064; x_wconf 86' lang='lat' dir='ltr'><strong>quisque</strong></span> <span class='ocrx_word' id='word_1_201' title='bbox 1417 2024 1463 2051; x_wconf 88' lang='lat' dir='ltr'><strong>re</strong></span> 
     </span>
     <span class='ocr_line' id='line_1_29' title="bbox 256 2084 332 2119; baseline -0.013 0"><span class='ocrx_word' id='word_1_202' title='bbox 256 2084 332 2119; x_wconf 76' lang='lat'><strong>272</strong></span> 
     </span>
    </p>
   </div>
  </div>
 </body>
</html>
