1560 2294
776 124 981 165 CICERO

271 232 430 324 dicerfit
448 234 566 270 testis
587 236 631 270 et
648 229 823 268 haberet
843 229 970 267 filium
989 227 1284 274 delicatiorem,
1302 226 1484 265 abeunte
1503 214 1506 215 ⁷

271 300 354 326 lam
372 299 386 324 1
417 299 455 331 o,

471 372 598 406 Sentin
615 382 736 405 senem
753 382 828 404 esse
844 373 981 404 tactum
997 370 1146 412 triginta
1162 369 1269 402 minis
1282 371 1298 402 ?

189 459 255 493 258
326 451 375 488 In
403 449 480 488 hoc
508 462 639 501 genus
664 451 920 487 coniciuntur
948 447 1178 498 proverbia,
1203 451 1251 485 ut
1278 444 1380 484 illud
1403 443 1486 483 Sci-

273 507 419 557 pionis,
460 518 553 543 cum
603 503 765 541 Asellus
816 515 958 541 omnes
1004 503 1230 552 provincias
1280 498 1487 551 stipendia

273 564 506 598 merentem
525 571 569 596 se
589 570 828 609 peragrasse
848 556 1106 609 gloriaretur,
1126 554 1135 569 ‘
1154 555 1268 607 Agas
1287 551 1485 599 asellum,'

276 620 320 652 et
338 619 490 652 cetera.
539 612 677 661 Quare
693 625 744 650 ea
761 624 940 663 quoque,
956 613 1150 662 quoniam
1167 611 1338 648 mutatis
1353 608 1486 647 verbis

276 682 358 707 non
375 672 548 719 possunt
570 669 750 705 retinere
775 666 950 704 eandem
968 669 1245 710 venustatem,
1263 676 1346 702 non
1367 665 1411 701 in
1427 675 1487 708 re,

277 723 351 761 sed
369 725 411 760 in
430 722 563 760 verbis
582 724 717 772 posita
736 720 951 759 ducantur.

196 789 261 822 259
330 777 407 815 Est
426 779 553 815 etiam
571 778 613 813 in
631 776 756 814 verbo
774 777 955 826 positum
972 787 1055 811 non
1072 772 1269 811 insulsum
1287 784 1417 824 genus
1435 783 1488 810 ex

282 845 346 877 eo,
361 845 454 870 cum
474 831 527 869 ad
546 831 731 876 verbum,
751 843 833 867 non
853 829 906 867 ad
925 831 1173 867 sententiam
1197 840 1286 865 rem
1305 828 1489 877 accipere

283 886 448 925 videare
467 899 476 924 ε
511 898 563 923 ex
582 898 663 936 quo
682 897 763 922 uno
781 896 934 936 genere
953 888 1066 921 totus
1086 887 1150 921 est
1167 881 1324 927 Tua-on,
1341 883 1489 919 mimus

284 947 417 986 vetus,
437 939 587 991 oppido
605 938 809 977 ridiculus.
864 937 947 976 Sed
965 938 1069 975 abeo
1089 950 1113 974 a
1130 938 1263 974 mimis
1282 948 1292 982 ;
1325 940 1490 974 tantum

285 1008 415 1047 genus
439 994 558 1032 huius
582 993 740 1032 ridiculi
763 995 912 1044 insigni
937 991 1073 1042 aliqua
1098 996 1142 1030 et
1165 996 1265 1029 nota
1287 1003 1332 1028 re
1356 990 1490 1028 notari

285 1050 388 1088 volo.
431 1049 508 1087 Est
524 1053 665 1086 autem
681 1061 733 1086 ex
748 1046 825 1085 hoc
837 1059 990 1099 genere
1002 1045 1116 1091 illud,
1132 1045 1243 1097 quod
1257 1049 1319 1090 tu,
1331 1043 1490 1088 Crasse,

285 1117 416 1155 nuper
445 1106 497 1149 ei,
526 1105 596 1155 qui
624 1108 668 1141 te
696 1107 896 1154 rogasset,
924 1114 1024 1138 num
1052 1101 1128 1138 tibi
1155 1099 1352 1138 molestus
1381 1102 1491 1136 esset

284 1158 461 1203 futurus,
490 1159 524 1195 si
557 1157 610 1195 ad
642 1162 686 1195 te
719 1157 827 1194 bene
857 1161 954 1193 ante
987 1155 1122 1193 lucem
1150 1156 1357 1192 venisset:
1401 1151 1410 1166 ‘
1427 1151 1490 1190 Tu

283 1212 407 1258 vero‚'
426 1214 609 1262 inquisti,
631 1210 639 1224 ¹
654 1210 850 1249 molestus
880 1223 962 1248 non
991 1207 1097 1247 eris.'
1154 1207 1163 1222 ‘
1181 1208 1346 1246 Iubebis
1365 1209 1491 1259 igitur

281 1267 354 1313 te,'
373 1269 522 1318 inquit,
547 1265 555 1278 ‘
571 1267 757 1303 suscitari
775 1265 790 1303 ?
810 1263 819 1277 ’
873 1264 930 1302 Et
952 1269 1000 1302 tu
1019 1277 1028 1302 :
1058 1262 1068 1276 ‘
1087 1262 1211 1301 Certe
1230 1274 1428 1314 negaram
1445 1266 1490 1299 te

197 1332 263 1365 260
281 1321 501 1360 molestum
524 1318 738 1358 futurum.’
791 1318 856 1357 Ex
881 1318 1027 1357 eodem
1049 1317 1126 1356 hoc
1149 1322 1268 1355 vetus
1290 1315 1390 1354 illud
1413 1320 1491 1360 est,

283 1375 395 1428 quod
435 1377 552 1413 aiunt
592 1374 924 1426 Maluginensem
964 1372 1078 1410 illum
1116 1370 1361 1422 Scipionem,
1398 1383 1491 1408 cum

285 1444 337 1469 ex
376 1431 563 1468 centuria
603 1442 678 1467 sua
718 1430 976 1467 renuntiaret
1023 1426 1243 1465 Acidinum
1284 1423 1492 1464 consulem

284 1497 516 1537 praecoque
547 1483 732 1529 dixisset,
760 1482 864 1520 ‘Dic
894 1481 947 1520 de
979 1480 1026 1519 L.
1061 1480 1218 1519 Manlio
1236 1478 1276 1526 ’;
1322 1478 1332 1493 ‘
1350 1478 1492 1517 Virum

281 1553 1486 1567 ——ss———ss

330 1600 345 1615 ⁰
370 1595 549 1629 Antonius
568 1595 650 1628 bein
696 1593 907 1637 prosecuted
926 1593 977 1635 by
996 1592 1178 1625 Duronius
1197 1602 1245 1624 on
1263 1602 1286 1624 a
1304 1590 1436 1632 charge
1453 1589 1493 1623 of

282 1642 428 1682 corrupt
447 1640 632 1682 practices,
652 1605 796 1671 {aelius
816 1637 971 1680 perhaps
991 1635 1142 1669 testified
1163 1634 1243 1668 that
1263 1634 1308 1668 he
1327 1644 1369 1668 su
1396 1632 1492 1676 plied

282 1682 392 1716 funds
408 1682 566 1725 through
583 1682 638 1715 his
655 1682 843 1724 profligate
860 1691 924 1714 son
942 1681 997 1713 for
1013 1690 1076 1712 use
1093 1681 1129 1712 in
1146 1678 1292 1721 bribery
1307 1688 1355 1712 on
1371 1644 1496 1711 gehalf

284 1728 326 1760 of
347 1727 539 1765 Antonius,
564 1725 684 1759 whose
708 1725 856 1758 defence
881 1735 966 1766 may
990 1723 1081 1756 have
1106 1721 1307 1756 insinuated
1330 1721 1411 1755 that
1433 1720 1494 1754 the

285 1781 350 1804 son
370 1769 539 1803 obtained
558 1769 629 1802 this
649 1779 780 1811 money
798 1767 849 1811 by
868 1779 890 1801 a
909 1767 997 1801 false
1017 1769 1192 1810 pretence,
1212 1764 1285 1799 and
1303 1763 1494 1799 eonverted

286 1815 314 1848 it
328 1817 366 1847 to
383 1813 437 1847 his
454 1824 534 1847 own
550 1823 624 1846 use.

336 1856 350 1877 ¹³
373 1857 520 1890 Asellus
539 1858 568 1890 is
588 1856 694 1890 Latin
713 1857 769 1889 for
787 1866 809 1888 a
828 1854 916 1888 little
933 1864 1002 1887 ass.
1050 1852 1126 1886 The
1145 1851 1327 1886 innuendo
1345 1861 1432 1895 may
1447 1850 1494 1886 be

286 1900 365 1934 that
384 1901 445 1934 the
465 1900 614 1934 boasted
635 1899 764 1933 travels
785 1899 827 1932 of
842 1898 896 1932 Ti.
918 1896 1090 1931 Claudius
1111 1895 1252 1930 Asellus
1271 1906 1363 1930 were
1382 1894 1493 1938 solely

286 1943 518 1978 attributable
536 1947 574 1977 to
593 1942 823 1986 compulsory
843 1941 1000 1984 military
1018 1941 1176 1983 activity.
1224 1939 1301 1974 The
1318 1938 1494 1982 complete

286 1999 360 2021 saw
374 1989 418 2065 ‹ils›
431 1987 612 2065 ρὲαυείωγ
633 1986 711 2021 said
732 1989 770 2020 to
792 1986 882 2020 have
903 1985 993 2019 been
1015 1984 1116 2027 Ayas
1138 1983 1288 2018 asellum
1304 1995 1319 2023 ,·
1351 1992 1494 2017 cursum

286 2043 357 2064 mm
419 2043 454 2065 ce
475 2032 561 2066 itur.

287 2088 363 2128 392
