1560 2294
767 112 971 153 CICERO

264 214 382 255 heres
395 228 497 255 esse.
541 215 737 268 Perpetui
751 219 848 255 iuris
864 222 908 256 et
922 219 1099 256 universi
1111 221 1273 271 generis
1285 221 1472 272 quaestio

263 300 345 325 non
359 285 571 325 hominum
591 290 771 334 nomina,
791 287 866 327 sed
883 291 1087 328 rationem
1107 289 1270 330 dicendi
1290 295 1335 330 et
1354 304 1472 344 argu-

262 363 498 396 mentorum
517 357 654 397 fontes
674 358 894 398 desiderat.

180 434 243 467 142
313 428 514 467 XXXIII.
545 429 595 468 In
623 443 705 481 quo
735 433 862 469 etiam
890 433 959 469 isti
987 445 1060 470 nos
1079 435 1176 471 iuris
1205 432 1379 472 consulti
1397 435 1472 472 im-

261 499 436 552 pediunt
468 513 494 538 a
526 500 803 553 discendoque
837 502 1063 542 deterrent.
1120 503 1250 543 Video
1288 506 1398 543 enim
1429 507 1472 543 in

262 570 429 610 Catonis
450 577 494 610 et
513 574 556 610 in
575 571 691 611 Bruti
710 572 821 611 libris
842 576 1082 612 nominatim
1104 573 1191 613 fere
1210 573 1354 614 referri
1373 575 1472 628 quid

262 641 381 680 alicui
399 642 452 681 de
470 645 558 681 iure
577 645 662 682 viro
681 649 754 682 aut
771 643 932 682 mulieri
949 645 1208 697 responderit
1226 659 1236 685 ε
1269 646 1406 693 credo,
1424 652 1472 686 ut

261 718 501 765 putaremus
520 716 563 752 in
582 713 828 761 hominibus,
843 729 926 754 non
945 718 987 753 in
1001 729 1062 762 re,
1076 717 1384 756 consultationis
1399 724 1472 757 aut

262 784 530 823 dubitationis
561 799 727 824 causam
759 785 937 838 aliquam
967 785 1122 834 fuisse3
1168 794 1229 834 ut,
1261 789 1372 841 quod
1401 788 1471 828 ho-

260 858 392 895 mines
424 857 742 895 innumerabiles
778 863 931 904 essent,
964 859 1170 898 debilitati
1201 873 1227 898 a
1257 862 1345 899 iure
1378 874 1472 913 cog—

260 927 466 966 noscendo
500 927 757 967 voluntatem
790 929 973 968 discendi
1005 929 1126 968 simul
1157 943 1251 970 cum
1279 944 1352 983 spe
1380 944 1471 984 per-

260 998 443 1037 discendi
484 1000 751 1038 abiceremus.
806 999 889 1039 Sed
925 1000 1028 1039 haec
1057 1000 1224 1040 Crassus
1253 1001 1471 1055 aliquando

259 1069 376 1108 nobis
402 1070 599 1121 expediet
625 1076 670 1110 et
693 1077 875 1122 exponet
901 1071 1095 1124 discripta
1120 1077 1380 1125 generatim3
1408 1079 1472 1114 est

261 1143 384 1186 enim,
413 1154 466 1179 ne
495 1140 603 1180 forte
633 1144 803 1188 nescias,
832 1141 921 1181 heri
949 1144 1065 1182 nobis
1094 1143 1162 1182 ille
1190 1143 1281 1190 hoc,
1310 1144 1470 1192 Catule,

259 1211 462 1263 pollicitus
495 1225 539 1251 se
573 1215 634 1251 ius
665 1212 795 1259 civile,
819 1213 931 1265 quod
960 1227 1068 1252 nunc
1101 1213 1292 1254 diffusum
1325 1221 1370 1255 et
1392 1215 1471 1255 dis-

259 1285 439 1334 sipatum
454 1289 577 1329 esset,
597 1286 640 1321 in
659 1289 772 1322 certa
786 1297 941 1337 genera
955 1291 1192 1324 coacturum
1212 1291 1257 1325 et
1271 1286 1324 1325 ad
1338 1292 1470 1326 artem

258 1352 422 1393 facilem
440 1354 716 1393 redacturum.

179 1437 241 1470 143
311 1424 368 1463 Et
398 1425 581 1477 quidem,
606 1428 741 1478 inquit
775 1426 959 1474 Catulus,
986 1426 1307 1480 haudquaquam
1334 1428 1378 1468 id
1406 1435 1470 1468 est

259 1496 421 1535 difficile
454 1496 612 1543 Crasso,
646 1499 716 1549 qui
749 1503 807 1544 et,
839 1498 950 1550 quod
982 1498 1082 1537 disci
1113 1502 1251 1550 potuit
1282 1499 1335 1539 de
1366 1502 1469 1547 iure,

259 1567 402 1607 didicit
425 1573 482 1614 et,
505 1568 617 1620 quod
643 1571 715 1615 eis,
735 1571 806 1621 qui
829 1582 924 1607 eum
947 1569 1189 1616 docuerunt,
1212 1569 1359 1617 defuit,
1381 1573 1468 1623 ipse

259 1637 418 1685 afferet,
441 1644 503 1685 ut,
526 1652 633 1691 quae
657 1642 740 1678 sint
762 1642 804 1678 in
827 1643 929 1686 iure,
953 1640 1017 1679 vel
1041 1646 1138 1692 apte
1162 1641 1381 1680 discribere
1404 1641 1469 1681 vel

258 1715 402 1749 ornate
427 1709 630 1748 illustrare
654 1713 794 1762 possit.
847 1711 958 1763 Ergo
981 1714 1075 1758 ista,
1095 1714 1230 1764 inquit
1249 1713 1468 1760 Antonius,

257 1786 349 1820 tum
364 1794 389 1819 a
404 1781 548 1820 Crasso
564 1781 782 1828 discemus,
795 1796 889 1821 cum
904 1795 948 1820 se
964 1782 1016 1821 de
1032 1783 1154 1821 turba
1171 1789 1214 1822 et
1230 1797 1255 1822 a
1269 1783 1467 1823 subselliis

177 1864 240 1899 144
258 1855 299 1890 in
325 1854 470 1899 otium,
494 1858 542 1891 ut
568 1855 739 1904 cogitat,
763 1853 992 1905 soliumque
1019 1854 1252 1893 contulerit.
1311 1854 1400 1893 Iam
1425 1854 1468 1894 id

258 1923 426 1974 quidem
465 1936 604 1975 saepe,
637 1926 772 1975 inquit
806 1923 990 1970 Catulus,
1021 1937 1072 1963 ex
1107 1938 1157 1964 eo
1190 1925 1340 1972 audivi,
1374 1939 1466 1964 cum

258 1993 416 2033 diceret
427 1995 504 2033 sibi
517 2000 677 2033 certum
691 2007 779 2034 esse
793 2008 818 2033 a
831 1995 987 2034 iudiciis
1001 1998 1214 2049 causisque
1227 1996 1437 2036 discedere
1455 2009 1466 2045 ς

255 2079 332 2115 300
