1560 2294
771 114 975 155 CICERO

268 221 539 275 significatio,¹
563 222 780 260 verborum
808 223 979 259 comitas
998 232 1009 266 ;
1041 221 1075 258 si
1104 218 1204 271 quid
1228 231 1477 271 persequare

269 290 413 333 acrius,
431 293 479 326 ut
504 289 655 326 invitus
683 292 728 325 et
754 291 919 324 coactus
941 284 1079 324 facere
1102 284 1280 323 videare.
1335 284 1478 323 Facili-

268 356 382 399 tatis,
393 353 666 399 liberalitatis,
674 351 1206 403 mansuetudinis‚pietati5,
1218 352 1327 402 grati
1339 352 1478 396 animi,

268 433 352 457 non
371 421 622 470 appetentis,
637 432 720 457 non
735 417 858 464 avidi,
872 420 989 470 signa
1002 415 1175 468 proferri
1193 415 1370 468 perutile
1386 420 1450 455 est
1467 427 1479 462 3

270 498 403 537 eaque
412 487 564 531 omnia,
572 497 679 536 quae
687 484 922 535 proborum,
930 482 1213 528 demissorum,
1221 495 1304 520 non
1312 483 1480 528 aerium,

269 563 352 589 non
383 552 670 602 pertinacium,
701 563 784 588 non
812 549 1097 601 litigiosorum,
1126 561 1210 586 non
1240 547 1478 585 acerborum

268 621 379 662 sunt,
408 615 526 654 valde
552 615 886 654 benevolentiam
915 613 1133 653 conciliant
1159 612 1479 664 abalienantque

270 682 322 720 ab
340 684 412 728 eis,
424 684 466 719 in
483 682 630 733 quibus
642 680 745 719 haec
757 694 840 719 non
856 685 953 719 sunt
968 692 977 726 ;
1005 682 1148 731 itaque
1166 678 1313 717 eadem
1329 679 1479 716 suntin

189 756 252 790 183
271 747 521 786 adversarios
542 760 594 785 ex
614 748 816 785 contrario
836 744 1098 784 conferenda.
1153 743 1236 783 Sed
1252 757 1383 796 genus
1401 742 1479 782 hoc

269 819 406 852 totum
425 815 619 851 orationis
633 814 677 850 in
692 814 750 851 eis
769 813 900 850 causis
917 810 1107 856 excellet,
1120 813 1164 848 in
1178 810 1326 862 quibus
1344 811 1477 848 minus

268 881 409 928 potest
436 875 681 914 inflammari
707 877 866 913 animus
892 874 1035 912 iudicis
1064 875 1146 912 acri
1172 878 1218 911 et
1241 871 1479 911 vehementi

269 941 448 994 quadam
466 943 722 979 incitatione.
783 939 876 978 Non
897 942 1006 978 enim
1026 951 1189 990 semper
1212 936 1330 977 fortis
1349 939 1480 977 oratio

269 1009 495 1059 quaeritur,
522 1006 595 1045 sed
621 1019 746 1058 saepe
771 1005 947 1057 placida,
974 1006 1204 1050 summissa,
1229 1003 1347 1050 lenis,
1373 1016 1480 1056 quae

268 1075 448 1111 maxime
468 1071 732 1111 commendat
756 1084 860 1110 reos.
916 1070 1024 1110 Reos
1050 1075 1192 1109 autem
1214 1069 1376 1121 appello
1398 1082 1481 1108 non

271 1152 340 1177 eos
365 1138 502 1184 modo,
522 1140 592 1190 qui
619 1142 861 1190 arguuntur,
885 1136 958 1175 sed
983 1149 1140 1182 omnes,
1163 1148 1336 1187 quorum
1359 1134 1412 1174 de
1435 1147 1480 1173 re

189 1214 251 1247 184
269 1204 545 1255 disceptatur3
565 1206 621 1242 sic
634 1205 744 1242 enim
752 1202 848 1241 olim
860 1202 1148 1254 loquebantur.
1183 1201 1343 1239 Horum
1355 1203 1481 1252 igitur

272 1272 502 1322 exprimere
521 1281 655 1307 mores
670 1270 870 1313 oratione,
886 1269 1029 1313 iustos,
1043 1269 1242 1319 integros,
1256 1265 1480 1318 religiosos,

269 1335 449 1381 timidos,
457 1333 716 1387 perferentes
729 1335 1137 1379 iniuriarum,mirum
1145 1331 1342 1384 quiddam
1351 1331 1462 1370 valet
1470 1342 1481 1377 ;

269 1407 314 1440 et
331 1400 408 1439 hoc
422 1400 489 1439 vel
507 1403 549 1439 in
563 1402 771 1452 principiis
791 1398 854 1437 vel
875 1401 917 1437 in
936 1412 981 1437 re
996 1397 1200 1436 narranda
1218 1397 1284 1436 vel
1302 1399 1344 1436 in
1363 1409 1480 1448 pero-

268 1466 398 1505 randa
417 1471 580 1504 tantam
595 1465 724 1504 habet
740 1467 836 1510 vim,
852 1467 886 1502 si
903 1469 967 1503 est
982 1466 1163 1502 suaviter
1182 1468 1227 1502 et
1245 1476 1340 1502 cum
1358 1475 1480 1502 sensu

269 1537 510 1578 tractatum,
522 1537 571 1570 ut
583 1544 707 1583 saepe
720 1530 812 1582 plus
825 1543 950 1582 quam
963 1542 1086 1568 causa
1097 1528 1246 1567 valeat.
1301 1528 1480 1567 Tantum

270 1603 412 1637 autem
436 1597 608 1636 efficitur
631 1609 753 1635 sensu
777 1595 956 1648 quodam
981 1608 1028 1633 ac
1050 1597 1210 1633 ratione
1234 1593 1410 1640 dicendi,
1433 1599 1481 1633 ut

269 1666 386 1716 quasi
414 1676 548 1702 mores
577 1665 748 1701 oratoris
778 1661 946 1713 effingat
975 1662 1118 1698 oratio.
1180 1659 1344 1698 Genere
1371 1662 1480 1698 enim

267 1729 448 1782 quodam
471 1730 772 1767 sententiarum
797 1732 841 1766 et
863 1739 1017 1779 genere
1041 1726 1272 1772 verborum,
1296 1724 1480 1764 adhibita

268 1798 396 1834 etiam
423 1797 584 1832 actione
613 1793 696 1832 leni
726 1792 1052 1843 facilitatemque
1075 1790 1332 1843 significante
1361 1790 1480 1829 effici-

268 1866 350 1906 tur,
387 1866 435 1898 ut
470 1859 601 1911 probi,
638 1864 686 1897 ut
722 1859 829 1897 bene
866 1859 1028 1903 morati,
1064 1861 1113 1896 ut
1147 1857 1244 1895 boni
1280 1857 1354 1895 viri
1390 1867 1479 1895 esse

269 1926 499 1965 videantur.

565 2020 578 2041 ²
602 2019 765 2064 pudor[is
781 2017 1009 2063 significatio]
1026 2017 1176 2052 Bakius.

271 2094 345 2130 828
