1560 2294
756 108 960 149 CICERO

251 208 513 250 Numantinis
538 211 778 260 dedidisset,
805 227 983 266 eumque
1008 215 1065 254 illi
1090 229 1173 254 non
1196 219 1463 269 recepissent,

250 283 479 330 posteaque
516 279 734 319 Mancinus
770 281 939 320 domum
973 285 1214 330 revenisset,
1249 297 1386 337 neque
1419 287 1463 324 in

250 351 441 385 senatum
465 349 635 387 introire
661 348 922 396 dubitasset3
963 349 1008 389 P.
1036 351 1227 398 Rutilius,
1255 351 1316 391 M.
1344 352 1463 399 filius,

250 414 438 453 tribunus
471 415 618 466 plebis,
649 417 702 455 de
733 423 880 456 senatu
911 420 1030 457 iussit
1061 419 1194 466 educi,
1225 420 1337 472 quod
1367 434 1463 460 eum

249 484 380 520 civem
392 489 567 535 negaret
581 497 670 523 esse
689 497 700 531 ;
728 488 825 537 quia
836 489 1035 525 memoria
1047 489 1104 526 sic
1117 493 1227 527 esset
1238 488 1463 540 proditum,

250 563 374 601 quem
395 556 517 602 pater
537 565 648 599 suus,
670 559 744 592 aut
763 554 939 605 populus
961 555 1227 602 vendidisset,
1249 562 1323 596 aut
1342 562 1464 609 pater

250 623 437 669 patratus
458 619 698 667 dedidisset,
719 624 758 659 ei
777 622 934 661 nullum
954 636 1044 662 esse
1063 624 1372 676 postliminium.

167 699 230 731 182
301 686 438 734 Quam
450 701 665 739 possumus
679 692 859 741 reperire
875 704 927 729 ex
941 692 1129 731 omnibus
1142 693 1266 732 rebus
1280 693 1462 733 civilibus

249 768 414 793 causam
435 759 827 810 contentionemque
847 761 1059 806 maiorem,
1081 774 1206 812 quam
1231 761 1284 800 de
1305 762 1462 809 ordine,

249 823 301 862 de
316 826 498 870 civitate,
514 824 566 863 de
581 825 790 872 libertate,
806 826 858 865 de
873 830 1009 879 capite
1024 827 1198 868 hominis
1213 829 1434 869 consularis
1451 843 1462 877 ;

248 895 493 942 praesertim
522 907 616 932 cum
649 893 752 933 haec
784 908 867 934 non
897 898 939 934 in
972 899 1140 936 crimine
1174 897 1325 950 aliquo,
1351 898 1463 951 quod

246 960 314 998 ille
348 966 489 1011 posset
525 961 707 1008 infitiari,
741 963 815 1002 sed
847 966 890 1002 in
924 964 1029 1003 civili
1061 967 1150 1004 iure
1184 967 1461 1006 consisteret?

248 1027 460 1080 Similique
492 1032 535 1067 in
563 1043 732 1082 genere,
761 1030 952 1071 inferiore
983 1033 1140 1080 ordine,
1169 1036 1203 1072 si
1231 1037 1322 1086 quis
1351 1035 1462 1087 apud

247 1110 320 1135 nos
341 1100 533 1136 servisset
549 1111 601 1136 ex
621 1099 773 1150 populo
792 1098 1021 1147 foederato,
1037 1115 1211 1154 seseque
1231 1103 1460 1151 liberasset,

247 1178 295 1203 ac
322 1171 469 1216 postea
497 1166 666 1205 domum
694 1170 950 1215 revenisset3
994 1173 1228 1222 quaesitum
1258 1177 1323 1211 est
1351 1173 1461 1224 apud

246 1236 420 1272 maiores
439 1241 613 1282 nostros,
632 1249 732 1274 num
749 1238 783 1275 is
807 1237 861 1276 ad
878 1251 971 1276 suos
990 1239 1240 1289 postliminio
1257 1240 1461 1289 rediisset,

163 1312 227 1345 183
248 1308 291 1340 et
305 1305 508 1342 amisisset
519 1303 625 1342 hanc
638 1307 863 1344 civitatem.
918 1305 1030 1355 Quid
1048 1307 1063 1345 ?
1091 1307 1144 1346 de
1156 1307 1366 1356 libertate,
1379 1324 1460 1362 quo

246 1370 442 1409 iudicium
467 1374 630 1424 gravius
661 1386 750 1412 esse
774 1374 932 1413 nullum
955 1381 1110 1427 potest,
1134 1390 1270 1416 nonne
1295 1390 1347 1416 ex
1371 1379 1458 1418 iure

247 1439 352 1478 civili
385 1445 525 1491 potest
559 1454 648 1479 esse
679 1445 905 1490 contentio,
933 1457 1028 1482 cum
1056 1448 1282 1496 quaeritur,
1314 1449 1362 1494 is,
1387 1449 1458 1499 qui

247 1508 400 1546 domini
421 1508 635 1548 voluntate
663 1523 809 1549 census
835 1514 903 1558 sit,
923 1515 1187 1561 continuone,
1207 1527 1261 1552 an
1283 1515 1353 1554 ubi
1379 1515 1458 1555 lus-

246 1582 358 1615 trum
377 1577 604 1624 conditum,
618 1578 722 1617 liber
741 1580 825 1618 sit?
880 1579 1004 1628 Quid,
1025 1582 1136 1633 quod
1155 1596 1246 1629 usu,
1260 1587 1459 1624 memoria

245 1650 426 1696 patrum,
464 1648 591 1692 venit,
629 1652 677 1685 ut
712 1647 1023 1698 paterfamilias,
1061 1652 1131 1702 qui
1169 1663 1221 1690 ex
1258 1651 1458 1704 Hispania

246 1711 420 1751 Romam
446 1716 640 1760 venisset,
659 1728 752 1753 cum
778 1729 950 1755 uxorem
972 1724 1274 1770 praegnantem
1299 1722 1342 1758 in
1366 1734 1458 1772 pro-

246 1783 377 1819 vincia
393 1781 640 1833 reliquisset,
658 1783 896 1836 Romaeque
914 1784 1087 1823 alteram
1105 1786 1304 1834 duxisset,
1321 1801 1456 1841 neque

290 1914 307 1930 ⁰
330 1910 338 1923 ‘
353 1910 490 1962 Return
515 1911 650 1945 behind
673 1912 773 1946 one's
795 1913 1004 1990 thresholfll)
1030 1918 1150 1949 return
1174 1915 1281 1951 home
1307 1916 1381 1951 and
1404 1929 1457 1952 re-

246 1955 1226 2045 su{nthsscgnl{gazugasgtztzltlgssgggfiffingeggssifioetion.
1243 2004 1358 2038 which
1374 2015 1457 2039 con-

250 2054 322 2089 126
