1560 2294
707 113 911 153 CICERO

202 217 283 257 fuit
297 217 333 264 ';
361 220 531 257 oratoris
554 223 787 268 peccatum,
803 220 835 256 si
856 217 967 269 quod
987 222 1051 255 est
1071 216 1413 263 animadversum,

119 288 183 321 125
201 285 403 323 stultitiae
422 290 640 336 peccatum
659 284 834 323 videtur.
882 283 1068 323 Stultitia
1086 290 1228 323 autem
1247 297 1413 323 excusa-

201 355 358 391 tionem
391 365 474 390 non
507 351 664 390 habet:
714 354 811 403 quia
843 365 966 390 nemo
1001 351 1177 398 videtur,
1211 357 1284 390 aut
1318 353 1414 403 quia

201 419 349 458 crudus
376 418 516 465 suerit,
543 424 617 457 aut
643 419 754 471 quod
779 422 840 457 ita
864 419 1071 465 maluerit,
1098 418 1248 458 stultus
1274 417 1412 458 fuisse.

202 486 294 535 Quo
336 489 463 525 etiam
499 489 662 539 gravius
697 486 894 525 iudicium
929 489 972 524 in
1008 486 1182 525 dicendo
1218 487 1412 525 subimus.

202 553 375 602 Quoties
400 556 510 592 enim
530 554 715 600 dicimus,
736 556 861 592 toties
881 553 934 592 de
954 554 1070 592 nobis
1089 553 1294 592 iudicatur
1313 567 1322 592 ε
1357 559 1414 600 et,

204 624 273 673 qui
289 620 418 660 semel
433 623 476 659 in
491 626 614 673 gestu
629 623 830 673 peccavit,
847 635 929 659 non
946 623 1140 660 continuo
1157 623 1416 660 existimatur

204 691 359 727 nescire
401 694 567 740 gestum
585 701 595 734 ;
647 691 760 727 cuius
799 694 941 727 autem
976 690 1019 727 in
1052 688 1226 727 dicendo
1263 688 1416 740 aliquid

203 755 498 807 reprehensum
513 761 590 802 est,
604 761 678 794 aut
691 761 863 795 aeterna
874 758 918 794 in
931 769 995 803 eo,
1009 761 1082 795 aut
1095 762 1208 795 certe
1222 756 1416 795 diuturna

205 823 314 862 valet
333 826 470 874 opinio
489 823 710 862 tarditatis.

121 898 185 931 126
255 890 453 929 XXVIII.
484 890 592 929 Illud
620 904 731 937 vero,
762 890 874 942 quod
903 903 928 929 a
955 896 1001 929 te
1031 890 1188 930 dictum
1218 897 1295 938 est,
1326 905 1415 930 esse

203 958 423 1010 permulta,
457 971 564 1010 quae
597 963 735 997 orator
766 960 843 997 nisi
876 971 901 996 a
932 963 1081 996 natura
1113 957 1301 1005 haberet,
1333 972 1416 998 non

203 1026 381 1064 multum
397 1039 422 1064 a
436 1028 634 1078 magistro
651 1025 915 1064 adjuvaretur
930 1039 939 1064 z
970 1025 1089 1064 valde
1109 1026 1186 1064 tibi
1203 1029 1415 1073 assentior,

203 1096 328 1145 inque
360 1106 410 1131 eo
440 1093 506 1132 vel
535 1095 715 1131 maxime
744 1093 914 1144 probavi
944 1106 1150 1131 summum
1178 1093 1293 1131 illum
1323 1093 1416 1133 doc-

204 1166 352 1206 torem,
386 1160 724 1199 Alabandensem
756 1160 1035 1211 Apollonium,
1067 1163 1151 1212 qui,
1184 1174 1278 1199 cum
1310 1174 1416 1200 mer-

204 1228 306 1266 cede
347 1227 530 1273 doceret,
571 1232 715 1266 tamen
761 1241 843 1266 non
889 1228 1142 1279 patiebatur,
1190 1241 1273 1274 eos,
1314 1241 1416 1280 quos

203 1295 413 1334 iudicabat
436 1308 519 1333 non
544 1308 664 1346 posse
690 1300 873 1333 oratores
901 1295 1090 1341 evadere,
1112 1308 1280 1347 operam
1306 1295 1416 1347 apud

206 1376 294 1401 sese
315 1362 504 1413 perdere,
525 1362 849 1414 dimittebatque
868 1375 878 1408 ;
910 1368 954 1401 et
977 1362 1031 1401 ad
1057 1376 1182 1414 quam
1208 1376 1415 1415 quemque

206 1436 339 1469 artem
359 1430 537 1481 putabat
563 1443 653 1468 esse
680 1435 839 1481 aptum,
861 1429 914 1468 ad
940 1443 1033 1468 eam
1053 1429 1264 1481 impellere
1289 1436 1415 1482 atque

124 1508 186 1540 127
205 1497 359 1536 hortari
381 1496 552 1535 solebat.
609 1496 716 1535 Satis
741 1502 805 1536 est
825 1499 935 1535 enim
955 1499 1102 1536 ceteris
1123 1497 1302 1536 artificiis
1325 1511 1416 1549 per-

205 1565 416 1617 cipiendiS‚
437 1564 726 1603 tantummodo
748 1564 923 1603 similem
945 1578 1033 1603 esse
1055 1563 1229 1603 hominis
1249 1577 1259 1610 3
1295 1570 1340 1603 et
1358 1565 1415 1612 id,

206 1632 316 1684 quod
338 1632 540 1678 tradatur,
559 1631 626 1670 vel
650 1634 777 1670 etiam
799 1631 1040 1678 inculcetur,
1065 1634 1097 1670 si
1122 1634 1211 1684 quis
1235 1631 1343 1671 forte
1362 1635 1416 1672 sit

204 1700 373 1744 tardior,
390 1712 509 1750 posse
524 1701 736 1750 percipere
758 1702 908 1745 animo,
925 1705 968 1738 et
983 1701 1181 1738 memoria
1195 1699 1413 1738 custodire.

207 1767 298 1805 Non
319 1770 531 1818 quaeritur
545 1767 752 1805 mobilitas
772 1766 952 1819 linguae,
967 1780 1050 1805 non
1070 1766 1258 1805 celeritas
1273 1767 1416 1806 verbo-

205 1847 310 1879 rum,
330 1847 411 1871 non
440 1833 619 1885 denique
644 1847 707 1880 ea,
728 1847 834 1886 quae
863 1834 979 1872 nobis
1007 1847 1089 1872 non
1108 1847 1323 1885 possumus
1343 1834 1416 1872 fin-

123 1919 187 1952 128
205 1914 318 1953 gere,
330 1900 470 1946 facies,
485 1901 635 1946 vultus,
651 1914 785 1939 sonus.
843 1901 892 1939 In
907 1906 1068 1939 oratore
1085 1907 1227 1939 autem
1243 1914 1415 1940 acumen

206 1967 527 2014 dialecticorum,
540 1970 774 2007 sententiae
790 1967 1137 2020 philosophorum,
1151 1968 1276 2007 verba
1286 1980 1416 2021 prope

205 2067 256 2103 88
