1560 2294
743 105 947 146 CICERO

237 206 328 244 celli
357 207 410 245 ab
437 207 575 246 liberti
605 208 686 247 filio
714 212 857 261 stirpe,
887 210 1045 250 Claudii
1074 215 1235 263 patricii
1264 213 1448 253 eiusdem
1492 215 1494 217 ’

236 265 410 306 hominis
434 267 726 315 hereditatem,
749 276 877 322 gente
901 271 954 309 ad
976 285 1020 310 se
1043 272 1211 311 rediisse
1235 272 1448 320 dicerent;

236 339 372 365 nonne
396 329 440 365 in
465 340 515 366 ea
539 342 663 367 causa
686 328 767 368 fuit
791 331 1020 370 oratoribus
1046 331 1098 370 de
1123 337 1214 371 toto
1238 335 1376 384 stirpis
1401 346 1449 372 ac

152 393 215 426 177
235 386 482 438 gentilitatis
512 391 600 427 iure
631 389 886 428 dicendum?
941 390 1085 440 Quid?
1131 392 1242 444 quod
1272 395 1375 432 item
1404 396 1446 432 in

234 447 519 486 centumvirali
552 448 700 488 iudicio
734 455 940 489 certatum
974 465 1063 490 esse
1097 455 1342 504 accepimus,
1376 456 1445 505 qui

235 505 409 545 Romam
427 510 470 545 in
491 509 680 547 exsilium
700 513 894 556 venisset,
914 514 979 549 cui
999 511 1155 550 Romae
1177 512 1364 551 exsulare
1382 516 1445 552 ius

235 572 359 612 esset,
383 570 416 605 si
439 581 483 605 se
507 568 560 607 ad
583 569 763 621 aliquem
786 573 901 621 quasi
924 577 1146 622 patronum
1169 572 1446 624 applicuisset,

233 628 518 678 intestatoque
544 635 655 667 esset
678 635 864 668 mortuus
885 644 894 668 ι
933 644 1070 670 nonne
1094 634 1137 670 in
1162 645 1212 670 ea
1236 646 1360 671 causa
1381 635 1445 672 ius

234 686 532 737 applicationis,
551 689 768 728 obscurum
787 703 885 728 sane
905 696 950 729 et
966 693 1170 743 ignotum,
1187 691 1445 744 patefactum

153 755 216 788 178
233 748 276 783 in
298 746 447 784 iudicio
473 753 599 799 atque
624 748 873 788 illustratum
898 756 964 789 est
988 764 1014 789 a
1035 752 1246 803 patrono?
1299 751 1444 801 Quid?

234 819 379 856 nuper,
403 820 496 844 cum
524 820 602 859 ego
628 807 673 846 C.
700 808 830 861 Sergii
857 809 1014 849 Oratae
1044 817 1188 850 contra
1215 811 1324 850 hunc
1352 825 1444 851 nos-

233 870 344 903 trum
364 866 592 905 Antonium
615 868 764 907 iudicio
784 872 944 920 privato
964 883 1129 909 causam
1149 870 1417 910 defenderem
1432 884 1443 918 ;

233 939 369 964 nonne
402 930 532 964 omnis
565 933 705 966 nostra
737 932 779 967 in
810 932 898 968 iure
931 937 1094 969 versata
1126 931 1311 970 defensio
1344 932 1442 971 est?

231 984 337 1024 Cum
369 989 479 1024 enim
512 987 670 1026 Marius
701 988 967 1028 Gratidianus
997 991 1121 1030 aedes
1156 991 1312 1032 Oratae
1346 1005 1443 1031 ven-

231 1045 417 1092 didisset,
455 1060 607 1099 neque,
646 1051 796 1087 servire
836 1050 1058 1101 quamdam
1098 1065 1239 1090 earum
1278 1051 1442 1091 aedium

231 1111 407 1156 partem,
438 1109 480 1144 in
510 1110 701 1159 mancipii
732 1108 826 1161 lege
857 1109 1057 1157 dixisset;
1103 1110 1443 1159 defendebamus,

231 1166 431 1217 quidquid
449 1165 596 1206 fuisset
615 1169 862 1207 incommodi
887 1172 929 1207 in
948 1173 1166 1222 mancipio,
1185 1171 1229 1210 id
1246 1174 1279 1210 si
1303 1172 1443 1211 vendi-

231 1231 295 1263 tor
314 1228 471 1272 scisset,
491 1240 626 1279 neque
647 1228 910 1275 declarasset,
929 1236 1140 1281 praestare
1159 1231 1326 1270 debere.

147 1295 210 1328 179
282 1284 374 1333 Quo
402 1286 570 1337 quidem
597 1290 638 1325 in
665 1301 819 1339 genere
845 1288 1055 1329 familiaris
1082 1296 1222 1330 noster
1250 1291 1310 1330 M.
1338 1292 1441 1331 Buc-

229 1344 397 1391 culeius,
415 1345 537 1385 homo
557 1361 693 1399 neque
710 1362 804 1386 meo
820 1349 970 1388 iudicio
987 1350 1152 1397 stultus,
1170 1357 1214 1390 et
1231 1365 1304 1390 suo
1321 1352 1440 1391 valde

229 1407 406 1456 sapiens,
430 1412 474 1445 et
500 1420 524 1444 a
546 1409 643 1445 iuris
666 1408 803 1446 studio
826 1423 908 1447 non
931 1409 1167 1457 abhorrens,
1189 1411 1309 1450 simili
1331 1414 1373 1450 in
1395 1425 1439 1451 re

229 1465 409 1516 quodam
441 1466 564 1505 modo
598 1480 730 1518 nuper
755 1472 917 1508 erravit.
974 1469 1081 1508 Nam
1105 1483 1199 1509 cum
1232 1471 1356 1510 aedes
1390 1471 1438 1510 L.

229 1524 344 1563 Fufio
368 1526 582 1572 venderet,
605 1529 648 1564 in
670 1531 873 1580 mancipio
895 1529 1065 1576 lumina,
1088 1533 1148 1569 uti
1172 1536 1263 1570 tum
1287 1537 1439 1578 essent,

227 1586 287 1622 ita
322 1589 492 1637 recepit.
549 1586 687 1626 Fufius
724 1594 880 1635 autem,
915 1589 1035 1628 simul
1071 1596 1198 1642 atque
1235 1591 1439 1630 aedificari

227 1650 421 1696 coeptum
451 1651 515 1684 est
542 1649 585 1684 in
611 1648 790 1698 quadam
818 1654 938 1699 parte
964 1650 1074 1688 urbis
1103 1664 1210 1702 quae
1237 1651 1360 1690 modo
1387 1665 1439 1690 ex

225 1703 302 1743 illis
334 1705 504 1744 aedibus
534 1710 711 1759 conspici
740 1714 895 1759 posset,
926 1712 1014 1761 egit
1043 1713 1185 1749 statim
1214 1724 1308 1750 cum
1336 1711 1439 1750 Buc-

276 1835 291 1850 ⁰
315 1830 384 1864 For
399 1832 468 1865 this
484 1834 586 1874 point
601 1833 641 1867 of
654 1833 724 1867 law
739 1845 797 1868 see
814 1835 1006 1877 Appendix
1021 1846 1055 1878 p.
1073 1838 1150 1871 480.

276 1874 290 1894 θ
313 1874 421 1909 Some
447 1877 650 1920 ambiguity
677 1879 712 1911 in
739 1878 800 1912 the
830 1881 1099 1923 conveyancing
1130 1884 1238 1914 ter-ms
1267 1880 1356 1915 used
1385 1880 1437 1924 by

230 1917 441 1952 Bucculeius
467 1921 502 1952 in
522 1922 703 1964 reserving
724 1921 779 1954 his
802 1921 810 1935 ‘
823 1924 965 1956 ancient
986 1922 1009 1955 li
1038 1923 1095 1956 hts
1108 1923 1116 1938 '
1138 1923 1289 1958 enabled
1314 1923 1436 1958 Fufius

227 1965 266 2038 fo
279 1963 451 2038 li¹nterpret
466 1963 527 1997 the
543 1966 756 1999 reservation
773 1975 813 1999 as
828 1976 851 1998 a
865 1969 973 2008 grant
988 1977 1010 2000 o
1049 1978 1095 2000 an
1111 1967 1273 2002 absolute
1288 1968 1385 2011 right
1398 1970 1437 2003 to

243 2007 279 2047 ig
305 2009 329 2040 t.

229 2068 302 2102 122
