1560 2294
771 129 975 169 CICERO

269 234 423 272 consilii
441 247 451 281 3
481 247 618 287 neque
635 236 745 273 enim
765 236 798 272 si
817 239 917 272 nota
935 246 1000 272 res
1017 237 1082 272 est
1100 245 1177 271 nec
1193 231 1364 271 dubium
1379 228 1479 282 quid

268 316 434 362 gestum
461 313 515 349 sit
547 324 712 349 narrare
740 315 907 361 oportet
933 323 1010 348 nec
1037 312 1070 347 si
1107 308 1361 347 adversarius
1386 319 1479 344 nar-

268 389 388 433 ravit,
411 389 488 425 nisi
514 390 547 426 si
572 386 830 432 refellemus3
869 399 916 425 ac
945 388 978 424 si
1008 384 1173 437 quando
1204 386 1284 423 erit
1313 395 1478 422 narran-

267 463 381 509 dum,
409 477 486 502 nec
512 464 582 502 illa
609 476 716 516 quae
745 465 1017 514 suspicionem
1048 467 1092 500 et
1118 463 1273 500 crimen
1301 459 1479 498 efficient

268 546 493 592 contraque
522 554 595 579 nos
631 546 753 579 erunt
786 542 935 578 acriter
967 551 1264 590 persequemur
1294 541 1339 575 et
1367 537 1479 588 quic-

269 617 368 668 quid
404 620 589 669 potuerit
627 616 909 662 detrahemus,
939 629 992 654 ne
1022 614 1124 654 illud
1153 613 1265 667 quod
1297 613 1478 659 Crassus,

270 697 304 732 si
328 694 493 746 quando
517 694 604 740 fiat,
630 693 816 745 perfidia,
842 706 925 731 non
950 692 1128 731 stultitia
1154 691 1242 729 fieri
1266 695 1404 742 putat,
1431 693 1480 728 ut

269 784 417 809 causae
436 784 656 809 noceamus
682 770 854 808 accidat.
910 769 1018 807 Nam
1043 768 1096 807 ad
1121 780 1324 806 summam
1351 768 1479 805 totius

269 861 417 886 causae
448 850 648 899 pertinet,
678 852 800 885 caute
835 859 888 884 an
922 851 1066 884 contra
1099 844 1383 883 demonstrata
1413 854 1480 881 res

270 927 337 970 sit,
357 924 469 976 quod
490 926 620 962 omnis
640 925 835 962 orationis
855 923 1038 974 reliquae
1058 920 1149 960 fons
1170 926 1235 960 est
1253 921 1446 959 narratio.

185 1004 249 1037 331
322 1000 517 1053 Sequitur
542 1006 590 1039 ut
615 1013 739 1038 causa
766 1005 959 1051 ponatur,
985 1001 1028 1036 in
1056 1011 1138 1050 quo
1165 996 1388 1036 videndum
1416 1000 1481 1034 est

270 1077 370 1129 quid
389 1080 432 1115 in
452 1079 771 1116 controversiam
791 1078 931 1114 veniat
949 1088 959 1121 ;
994 1081 1085 1114 tum
1105 1073 1366 1126 suggerenda
1385 1077 1482 1111 sunt

271 1154 532 1193 firmamenta
573 1166 721 1192 causae
763 1155 980 1191 coniuncte
1017 1156 1061 1190 et
1101 1149 1354 1189 infirmandis
1388 1162 1482 1188 con-

271 1233 405 1270 trariis
429 1236 474 1269 et
499 1233 581 1269 tuis
606 1229 906 1268 confirmandis.
963 1228 1154 1280 Namque
1179 1240 1263 1265 una
1283 1229 1326 1265 in
1351 1227 1482 1265 causis

271 1311 376 1346 ratio
397 1308 604 1359 quaedam
624 1312 689 1346 est
707 1309 794 1345 eius
815 1307 1010 1344 orationis
1030 1317 1137 1356 quae
1158 1303 1211 1343 ad
1227 1303 1483 1355 probandam

271 1386 676 1438 argumentationem
696 1383 820 1429 valet,
837 1396 887 1421 ea
906 1387 1048 1421 autem
1069 1386 1113 1420 et
1132 1380 1483 1419 confirmationem

272 1468 317 1501 et
341 1461 704 1514 reprehensionem
731 1462 923 1511 quaerit3
963 1458 1038 1497 sed
1063 1460 1160 1510 quia
1185 1470 1322 1509 neque
1346 1469 1484 1508 repre-

273 1538 399 1577 hendi
437 1551 545 1590 quae
574 1542 718 1576 contra
746 1537 939 1574 dicuntur
975 1540 1148 1587 possunt
1175 1537 1253 1572 nisi
1289 1539 1364 1572 tua
1391 1546 1484 1572 con-

276 1616 425 1662 firmes,
449 1628 586 1666 neque
614 1613 718 1652 haec
746 1612 975 1652 confirmari
998 1613 1075 1650 nisi
1103 1611 1172 1649 illa
1194 1609 1486 1662 reprehendas,

274 1693 423 1731 idcirco
441 1691 545 1730 haec
565 1696 609 1730 et
628 1696 777 1728 natura
797 1695 841 1728 et
859 1689 1042 1727 utilitate
1062 1692 1107 1726 et
1124 1689 1374 1726 tractatione
1391 1699 1486 1725 con-

190 1774 256 1807 332
276 1773 415 1808 iuncta
444 1773 552 1806 sunt.
623 1767 774 1806 Omnia
803 1771 945 1804 autem
974 1764 1255 1803 concludenda
1277 1768 1374 1803 sunt
1400 1762 1486 1814 ple-

275 1858 449 1897 rumque
474 1844 553 1882 vell
578 1844 700 1882 rebus
726 1842 924 1894 augendis
949 1841 1014 1879 vel
1036 1839 1328 1878 inflammando
1352 1838 1485 1878 iudice

278 1922 342 1962 vel
363 1920 617 1973 mitigand03
646 1922 865 1970 omniaque
887 1931 980 1956 cum
1001 1917 1276 1969 superioribus
1292 1917 1485 1955 orationis

726 2030 740 2052 ²
761 2029 817 2065 vel
833 2030 918 2063 add.
934 2029 1041 2063 Reid.

276 2099 351 2135 448
