1560 2294
759 120 964 160 CICERO

257 225 473 278 Caepionis
504 226 611 272 odio,
642 228 713 278 qui
744 227 972 264 exercitum
1002 226 1209 270 amiserat,
1239 235 1375 275 neque
1404 235 1467 262 re-

175 297 239 331 125
258 294 376 343 primi
405 294 588 344 potuisse
619 297 663 330 et
691 293 779 330 iure
809 303 898 329 esse
929 288 1179 328 conflatam?
1232 287 1374 327 Potuit
1401 286 1468 326 hie

258 357 368 396 locus
392 363 480 396 tam
505 370 669 408 anceps,
693 362 782 396 tam
805 355 1028 401 inauditus,
1052 360 1140 393 tam
1163 354 1355 400 lubricus,
1379 358 1466 392 tam

258 437 385 462 novus
405 426 492 462 sine
513 423 692 475 quadam
711 421 938 461 incredibili
957 423 996 459 vi
1020 434 1067 460 ac
1085 419 1285 459 facultate
1305 418 1467 458 dicendi

258 491 427 528 tractari
444 490 460 527 ?
508 488 619 537 Quid
643 501 721 540 ego
741 488 794 527 de
814 487 888 526 Cn.
913 486 1059 532 Mallii,
1079 485 1179 538 quid
1198 485 1251 524 de
1271 484 1322 534 Q.
1341 484 1466 537 Regis

259 557 613 593 commiseratione
634 554 768 593 dicam
785 553 801 591 ?
855 552 967 601 Quid
985 552 1038 591 de
1059 551 1145 590 aliis
1164 549 1467 590 innumerabili-

258 621 334 660 bus
353 621 368 659 ?
409 623 452 659 in
477 621 624 672 quibus
650 633 733 658 non
757 618 835 658 hoc
859 620 1039 657 maxime
1066 619 1230 663 enituit,
1255 615 1367 670 quod
1391 615 1467 654 tibi

258 699 401 725 omnes
430 686 546 731 dant,
575 698 748 724 acumen
777 684 985 736 quoddam
1016 682 1236 736 singulare,
1264 681 1339 721 sed
1364 680 1468 720 haec

259 754 361 804 ipsa,
389 764 495 803 quae
521 764 630 789 nunc
656 750 709 789 ad
738 763 806 789 me
835 749 1028 801 delegare
1057 750 1131 795 vis,
1159 761 1209 787 ea
1237 759 1400 799 semper
1424 748 1468 785 in

259 822 304 855 te
324 820 474 855 eximia
494 822 538 855 et
555 818 810 868 praestantia
828 814 1009 854 fuerunt.

177 887 241 920 126
311 883 466 920 XXIX.
494 882 601 920 Tum
621 881 790 920 Catulus
810 894 820 919 ε
856 880 946 932 Ego
975 893 1087 926 vero,
1111 881 1262 931 inquit,
1285 880 1330 917 in
1354 878 1466 916 vobis

258 947 336 987 hoc
362 950 542 986 maxime
572 947 763 986 admirari
786 945 910 992 soleo,
931 945 1055 997 quod,
1075 958 1168 984 cum
1195 946 1304 983 inter
1333 956 1401 982 vos
1423 944 1467 981 in

260 1013 433 1053 dicendo
453 1013 708 1052 dissimillimi
727 1014 829 1058 sitis,
848 1014 908 1050 ita
927 1016 1070 1049 tamen
1090 1015 1265 1062 uterque
1285 1013 1467 1048 vestrum

260 1079 385 1125 dicat,
405 1084 453 1117 ut
472 1081 511 1117 ei
530 1078 629 1116 nihil
647 1091 783 1129 neque
804 1090 828 1115 a
847 1082 996 1115 natura
1015 1076 1269 1127 denegatum
1288 1086 1425 1126 neque
1444 1086 1469 1112 a

261 1145 447 1184 doctrina
461 1158 543 1182 non
559 1143 743 1182 delatum
764 1155 853 1181 esse
869 1141 1069 1180 videatur.
1123 1139 1216 1188 Qua
1235 1153 1294 1186 re,
1310 1139 1468 1185 Crasse,

261 1223 397 1262 neque
423 1215 471 1248 tu
495 1215 570 1247 tua
595 1211 800 1247 suavitate
825 1220 899 1246 nos
924 1207 1116 1259 privabis,
1142 1211 1204 1251 ut,
1233 1207 1266 1244 si
1291 1204 1391 1257 quid
1417 1204 1470 1243 ab

261 1276 443 1315 Antonio
480 1280 553 1313 aut
588 1275 923 1326 praetermissum
957 1278 1030 1311 aut
1062 1271 1252 1310 relictum
1287 1273 1354 1316 sit,
1387 1283 1470 1308 non

262 1341 469 1393 explices3
517 1353 654 1392 neque
689 1344 748 1386 te,
783 1339 953 1384 Antoni,
987 1340 1020 1376 si
1055 1336 1155 1390 quid
1188 1349 1271 1375 non
1305 1335 1470 1381 dixeris,

262 1407 586 1446 existimabimus
620 1418 702 1444 non
734 1407 916 1456 potuisse
949 1405 1086 1456 potius
1119 1415 1244 1454 quam
1273 1415 1298 1440 a
1325 1400 1470 1440 Crasso

262 1472 341 1511 dici
359 1472 562 1510 maluisse.

180 1541 243 1575 127
315 1537 394 1576 Hic
433 1537 626 1575 Crassus:
677 1535 788 1584 Quin
825 1540 886 1581 tu,
924 1536 1073 1586 inquit,
1110 1534 1281 1578 Antoni,
1314 1533 1470 1571 omittis

263 1606 356 1649 ista,
380 1616 486 1655 quae
509 1603 768 1654 proposuisti,
792 1613 899 1652 quae
922 1612 1044 1638 nemo
1066 1598 1211 1637 horum
1234 1596 1470 1637 desiderat:

264 1670 411 1721 quibus
438 1681 489 1706 ex
515 1667 612 1706 locis
640 1680 703 1712 ea,
723 1679 830 1718 quae
856 1665 1030 1704 dicenda
1056 1669 1153 1703 sunt
1177 1666 1220 1702 in
1245 1665 1390 1708 causis,
1408 1675 1472 1701 re-

263 1737 475 1787 periantur
493 1745 503 1779 3
532 1746 639 1785 quae
654 1744 904 1784 quamquam
925 1743 949 1769 a
967 1736 1011 1769 te
1031 1743 1136 1768 novo
1156 1728 1335 1781 quodam
1349 1726 1471 1766 modo

264 1799 554 1852 praeclareque
586 1798 790 1843 dicuntur,
829 1801 925 1835 sunt
963 1801 1104 1834 tamen
1136 1799 1181 1833 et
1216 1806 1262 1832 re
1291 1792 1471 1832 faciliora

265 1870 310 1904 et
338 1867 569 1916 praeceptis
595 1867 833 1914 pervagata.
893 1861 968 1899 Illa
994 1860 1189 1912 deprome
1218 1859 1334 1898 nobis
1360 1857 1470 1896 unde

267 1929 425 1976 afferas,
454 1942 560 1981 quae
595 1930 831 1980 saepissime
865 1931 1017 1965 tractas
1052 1937 1297 1976 semperque
1328 1923 1470 1962 divini-

265 2001 345 2034 tus.
404 1994 657 2046 Depromam
697 1991 904 2045 equidem,
934 1992 1083 2043 inquit,
1117 1995 1162 2029 et
1194 2002 1276 2042 quo
1312 1987 1470 2027 facilius

264 2092 340 2130 288
