1560 2294
764 123 968 164 CICERO

259 234 368 268 sunt.
424 229 531 268 Nam
546 232 652 267 sieut
667 228 779 280 quod
794 228 905 279 apud
920 227 1123 266 Catonem
1139 227 1326 278 est—qui
1339 225 1471 264 multa

260 294 437 341 rettulit,
458 308 510 333 ex
531 295 713 346 quibusa
731 307 799 332 me
820 292 1000 344 exempli
1019 305 1142 330 causa
1160 289 1293 330 multa
1314 304 1471 343 ponun-

260 366 454 412 tur—per
479 359 579 398 mihi
605 362 755 398 scitum
778 358 955 404 videtur,
979 357 1024 396 C.
1050 356 1279 396 Publicium
1306 355 1472 395 solitum

259 426 410 472 dicere,
426 425 434 439 ‘
452 425 497 463 P.
517 425 767 463 Mummium
787 426 912 462 cuivis
932 425 1110 474 tempori
1128 421 1338 461 hominem
1354 419 1472 460 esse!

259 490 324 529 Sic
349 490 535 543 profecto
555 503 621 529 res
642 503 686 529 se
706 489 836 528 habet
856 488 1013 527 nullum
1034 493 1082 527 ut
1102 490 1156 526 sit
1176 490 1286 526 vitae
1307 493 1472 538 tempus

259 559 301 594 in
321 570 402 608 quo
421 570 504 595 non
527 556 677 594 deceat
695 555 879 606 leporem
899 554 1287 605 humanitatemque
1307 553 1471 591 versari.

258 621 340 660 Sed
358 621 483 660 redeo
503 621 556 660 ad
574 626 726 660 cetera.

176 696 242 730 272
311 687 388 726 Est
425 686 519 725 huic
559 687 779 725 finitimum
818 684 1132 724 dissimulationi
1168 697 1262 723 cum
1299 682 1474 722 honesto

262 753 385 792 verbo
423 755 569 791 vitiosa
605 765 671 791 res
709 750 942 803 appellatur
961 764 970 789 ε
1041 755 1089 789 ut
1125 762 1219 789 cum
1256 747 1473 788 Africanus

261 831 404 857 censor
423 819 534 857 tribu
554 818 751 856 movebat
777 830 873 856 eum
898 818 1183 854 centurionem
1205 817 1276 867 qui
1294 817 1338 853 in
1358 813 1473 853 Pauli

260 898 401 937 pugna
433 898 515 922 non
550 883 755 929 adfuerat,
788 895 882 921 cum
919 881 987 920 ille
1021 894 1065 919 se
1103 880 1314 919 custodiae
1351 892 1474 918 causa

260 950 418 988 diceret
434 952 477 987 in
494 952 637 987 castris
654 950 898 987 remansisse
922 951 1225 999 quaereretque
1251 959 1323 984 cur
1345 945 1398 984 ab
1423 958 1473 984 eo

261 1021 490 1061 notaretur,
521 1014 529 1028 ‘
549 1014 642 1053 Non
671 1014 792 1060 amo,’
821 1015 971 1065 inquit,
1002 1012 1011 1027 ‘
1026 1015 1198 1051 nimium
1226 1009 1474 1064 diligentes.’

179 1091 244 1125 273
262 1082 444 1120 Acutum
483 1083 611 1119 etiam
649 1080 751 1118 illud
782 1085 846 1118 est
880 1092 974 1117 cum
1001 1091 1054 1116 ex
1087 1078 1255 1117 alterius
1288 1079 1474 1116 oratione

262 1147 374 1185 aliud
387 1149 567 1198 excipias
588 1151 716 1197 atque
737 1145 804 1184 ille
818 1144 907 1183 vult
926 1157 936 1190 ;
965 1150 1012 1183 ut
1032 1143 1250 1182 Salinatori
1265 1142 1473 1181 Maximus

261 1226 354 1252 cum
386 1212 567 1250 Tarento
603 1214 750 1250 amisso
782 1223 918 1249 arcem
947 1215 1090 1248 tamen
1119 1209 1258 1247 Livius
1286 1210 1473 1247 retinuis-

262 1283 327 1317 set
355 1277 569 1329 multaque
600 1290 652 1315 ex
682 1290 732 1315 ea
759 1275 915 1328 proelia
943 1274 1154 1327 praeclara
1180 1273 1360 1319 fecisset,
1380 1287 1473 1312 cum

262 1343 419 1395 aliquot
442 1348 537 1394 post
562 1356 689 1380 annos
715 1341 925 1380 Maximus
948 1341 992 1379 id
1015 1340 1213 1392 oppidum
1236 1341 1473 1390 recepisset,

261 1413 510 1461 rogaretque
532 1421 627 1446 eum
648 1407 852 1446 Salinator
870 1412 918 1445 ut
932 1408 1187 1444 meminisset
1201 1417 1327 1456 opera
1341 1417 1415 1443 sua
1428 1417 1473 1443 se

261 1474 488 1513 Tarentum
511 1475 741 1524 recepisse3
771 1471 975 1520 ‘Quidni,'
999 1473 1148 1523 inquit,
1169 1469 1474 1509 ‘meminerim?

263 1553 474 1591 nunquam
494 1553 572 1591 ego
591 1540 837 1590 recepissem
857 1540 933 1576 nisi
952 1542 1000 1576 tu
1018 1535 1293 1588 perdidisses.'

181 1609 246 1642 274
316 1604 421 1643 Sunt
452 1607 579 1643 etiam
609 1603 678 1642 illa
708 1603 977 1648 subabsurda,
1008 1602 1082 1641 sed
1112 1615 1162 1640 eo
1191 1603 1279 1653 ipso
1309 1602 1473 1640 nomine

263 1683 388 1722 saepe
422 1670 606 1716 ridicula,
641 1683 723 1708 non
756 1668 888 1707 solum
921 1670 1055 1706 mimis
1089 1669 1367 1718 perapposita,
1400 1665 1473 1705 sed

264 1738 392 1775 etiam
411 1734 714 1787 quodammodo
733 1735 849 1773 nobis
869 1747 878 1772 ι

311 1903 327 1919 ⁰
350 1898 426 1932 The
442 1899 579 1941 victory
596 1909 680 1932 over
698 1897 845 1931 Perseus
861 1900 899 1930 at
918 1896 1045 1939 Pydna
1062 1897 1098 1929 in
1119 1898 1183 1929 168
1200 1906 1265 1929 mc.

314 1941 327 1962 ⁶
351 1942 508 1983 Quintus
527 1942 659 1975 Fabius
679 1941 873 1974 Maximus.

312 1990 324 2006 ⁰
352 1987 498 2020 Marcus
516 1986 638 2019 Livius
655 1985 846 2023 Salinator,
862 1984 933 2017 this
951 1993 1151 2026 cognomen
1168 1982 1277 2026 being
1294 1980 1471 2026 probably

263 2041 287 2064 α
303 2029 458 2064 mistake
474 2031 516 2063 of
529 2029 683 2063 Cicero's
699 2030 755 2062 for
774 2029 951 2062 Macatus.

265 2094 342 2129 404
