1560 2294
731 103 936 143 CICERO

226 218 314 259 tuo,
332 217 377 251 et
405 211 560 263 lepore,
587 215 631 248 et
659 208 909 261 politissimis
927 206 1089 246 facetiis
1106 205 1327 259 pellexisti,
1344 220 1439 247 cum

227 290 272 324 et
293 283 394 322 illud
417 284 588 321 nimium
612 293 786 319 acumen
809 279 1015 325 illuderes,
1039 284 1084 317 et
1107 278 1356 318 admirarere
1377 281 1438 318 in-

225 358 394 408 genium
413 352 647 398 Scaevolae,
666 354 736 403 qui
755 353 1047 403 excogitasset,
1065 352 1176 388 nasci
1193 351 1304 401 prius
1322 363 1439 402 opor-

225 433 331 472 tere,
352 439 477 478 quam
508 426 664 469 emori3
700 434 877 474 cumque
905 421 1038 460 multa
1066 420 1292 473 colligeres,
1313 426 1358 460 et
1386 434 1438 460 ex

225 498 385 550 legibus
406 501 450 534 et
471 509 523 534 ex
542 492 922 539 senatusconsultis,
943 498 988 531 et
1007 506 1060 531 ex
1079 494 1165 531 vita
1184 505 1232 531 ac
1250 505 1438 532 sermone

226 569 447 614 communi,
480 580 563 605 non
595 565 717 604 modo
752 569 888 610 acute,
921 563 996 603 sed
1029 565 1157 602 etiam
1188 563 1358 602 ridicule
1391 577 1439 603 ac

227 640 378 686 facete,
400 639 470 677 ubi
491 640 524 676 si
545 637 685 682 verba,
706 649 789 674 non
808 648 898 673 rem
918 647 1199 686 sequeremur,
1220 634 1360 673 confici
1382 634 1440 674 nil

227 716 380 763 posset.
436 709 585 760 Itaque
605 707 823 745 hilaritatis
850 705 1019 758 plenum
1038 705 1234 744 iudicium
1256 718 1303 744 ac
1322 705 1441 745 laeti-

227 785 312 821 tiae
341 780 449 819 fuit:
493 782 537 818 in
566 792 647 831 quo
678 777 778 830 quid
806 777 883 816 tibi
914 778 1012 815 iuris
1041 776 1167 815 civilis
1197 778 1439 816 exercitatio

225 851 440 905 profuerit,
455 864 538 889 non
556 848 754 901 intellego
773 861 782 894 3
817 847 980 887 dicendi
999 849 1058 886 vis
1079 849 1260 900 egregia,
1280 860 1440 887 summa

227 923 454 962 festivitate
475 927 519 960 et
537 925 756 959 venustate
776 921 1007 965 coniuncta,
1025 917 1192 970 profuit.

143 1009 210 1041 244
279 995 374 1046 Ipse
400 993 468 1031 ille
498 992 675 1037 Mucius,
701 993 865 1042 paterni
894 992 991 1028 iuris
1018 988 1224 1036 defensor,
1251 995 1296 1029 et
1321 992 1437 1043 quasi

227 1067 462 1118 patrimonii
490 1067 771 1115 propugnator
799 1064 875 1107 sui,
897 1061 997 1113 quid
1023 1063 1066 1099 in
1091 1060 1162 1099 illa
1187 1074 1324 1107 causa,
1345 1075 1439 1100 cum

227 1142 370 1176 contra
389 1141 433 1174 te
454 1135 624 1180 diceret,
645 1132 801 1178 attulit,
821 1132 932 1184 quod
947 1132 999 1170 de
1019 1135 1107 1170 iure
1126 1131 1232 1170 civili
1251 1132 1440 1184 deprom-

228 1214 347 1260 ptum
367 1206 576 1245 videretur
594 1205 610 1243 ?
650 1217 775 1256 quam
794 1203 931 1256 legem
950 1204 1140 1241 recitavit
1157 1202 1174 1241 ?
1203 1203 1303 1255 quid
1321 1208 1438 1255 pate-

228 1278 328 1318 fecit
375 1276 563 1322 dicendo,
610 1275 722 1328 quod
766 1273 914 1313 fuisset
959 1276 1160 1325 imperitis
1207 1274 1404 1313 occultius
1421 1274 1438 1313 ?

230 1350 392 1401 Nempe
407 1351 494 1387 eius
508 1349 638 1386 omnis
651 1349 783 1385 oratio
796 1351 959 1384 versata
973 1347 1092 1384 estin
1105 1358 1169 1392 eo,
1181 1350 1230 1384 ut
1242 1348 1439 1397 scriptum

228 1421 447 1474 plurimum
484 1418 619 1457 valere
654 1422 845 1469 oportere
880 1415 1138 1456 defenderet.
1193 1417 1253 1456 At
1285 1419 1329 1455 in
1362 1415 1439 1456 hoc

229 1505 382 1545 genere
423 1492 541 1543 pueri
583 1489 695 1540 apud
735 1490 952 1541 magistros
995 1492 1241 1526 exercentur
1281 1501 1438 1534 omnes,

229 1578 322 1603 cum
350 1565 393 1601 in
423 1560 622 1605 eiusmodi
650 1562 781 1599 causis
811 1559 909 1598 alias
940 1561 1151 1611 scriptum,
1174 1558 1272 1597 alias
1299 1561 1438 1612 aequi-

229 1640 363 1674 tatem
382 1631 607 1673 defendere
627 1631 838 1670 docentur.

145 1719 211 1753 245
280 1706 350 1751 Et,
373 1704 509 1750 credo,
531 1706 574 1741 in
595 1702 664 1741 illa
685 1702 825 1741 militis
848 1714 984 1748 causa,
1006 1703 1040 1740 si
1062 1706 1110 1740 tu
1132 1706 1206 1740 aut
1227 1700 1438 1748 heredem,

231 1782 303 1815 aut
327 1775 501 1814 militem
526 1773 794 1819 defendisses,
820 1773 873 1812 ad
898 1772 1148 1811 Hostilianas
1173 1777 1217 1811 te
1243 1775 1437 1819 actiones,

230 1861 312 1886 non
327 1846 379 1885 ad
394 1852 510 1884 tuam
524 1848 605 1884 vim
621 1850 665 1883 et
679 1846 898 1883 oratoriam
912 1842 1156 1882 facultatem
1170 1843 1409 1883 contulisses
1427 1843 1436 1882 Ξ

646 1965 661 1981 ⁰
684 1960 751 1994 See
767 1963 783 1999 ς
802 1962 878 2000 175,
892 1970 1016 2002 supra.

538 2003 553 2025 θ
575 2004 609 2038 A
626 2003 726 2038 work
741 2004 926 2038 otherwise
941 2002 1136 2038 unknown.

234 2075 308 2111 176
