1560 2294
760 107 964 146 CICERO

254 209 368 247 illum
396 212 586 261 ineptum
615 215 660 249 et
689 210 937 249 Graeculum
964 216 1145 262 putent3
1189 216 1276 258 aut,
1304 211 1465 250 etiamsi

256 276 373 315 valde
413 278 591 328 probent
631 280 844 330 ingenium
883 280 1070 324 oratoris,
1110 280 1356 329 sapientiam
1395 277 1466 316 ad-

172 348 237 381 222
254 346 467 391 mirentur,
500 357 544 383 se
579 358 668 383 esse
701 345 848 383 stultos
880 345 1055 384 moleste
1087 344 1253 384 ferant:
1300 344 1375 384 sed
1404 346 1465 383 ita

254 417 449 463 peragrat
467 425 542 463 per
561 414 716 450 animos
735 411 962 458 hominum,
981 415 1041 450 ita
1059 425 1201 451 sensus
1218 417 1464 464 mentesque

253 484 497 530 pertractat,
521 484 569 517 ut
593 493 676 517 non
700 479 909 518 desideret
932 478 1265 531 philosophorum
1288 479 1465 530 descrip-

253 549 402 592 tiones,
448 559 584 598 neque
632 549 823 598 exquirat
868 549 1068 593 oratione,
1114 559 1320 585 summum
1364 544 1465 584 illud

253 613 408 652 bonum
438 616 481 652 in
511 616 701 652 animone
732 616 800 660 sit,
831 627 884 651 an
913 616 956 652 in
986 626 1184 666 corpore;
1228 615 1381 652 virtute
1411 625 1465 650 an

254 680 467 732 voluptate
485 681 705 720 definiatur
724 694 734 727 ;
765 694 818 719 an
833 680 936 720 haec
951 683 1061 719 inter
1076 694 1120 719 se
1136 683 1252 733 iungi
1267 679 1461 732 copulari-

254 762 336 800 que
367 751 553 799 possint3
602 762 655 786 an
687 762 797 794 vero,
830 754 878 787 ut
910 748 1154 800 quibusdam
1187 750 1333 794 visum,
1364 745 1464 785 nihil

253 821 414 854 certum
442 818 546 861 sciri,
574 815 674 853 nihil
701 815 824 867 plane
852 818 1041 868 cognosci
1069 820 1114 854 et
1140 817 1295 867 percipi
1320 815 1461 866 possit.

253 882 439 930 Quarum
461 896 599 921 rerum
622 881 757 921 fateor
779 896 974 935 magnam
997 882 1349 934 multiplicemque
1373 893 1462 920 esse

253 950 522 1002 disciplinam,
549 956 592 989 et
617 950 783 996 multas,
808 953 990 1002 copiosas
1016 952 1230 1002 variasque
1254 951 1461 994 rationes;

252 1018 326 1056 sed
353 1017 464 1056 aliud
490 1017 701 1069 quiddam,
727 1017 850 1070 longe
877 1017 1002 1063 aliud,
1029 1016 1188 1063 Crasse,
1214 1018 1460 1068 quaerimus.

169 1092 234 1125 223
253 1085 388 1123 Acuto
425 1084 590 1123 homine
628 1085 744 1123 nobis
782 1098 883 1136 opus
922 1090 1000 1130 est,
1038 1090 1082 1123 et
1118 1089 1267 1122 natura
1302 1095 1461 1135 usuque

251 1152 411 1198 callido,
428 1154 498 1203 qui
517 1154 720 1203 sagaciter
734 1154 1003 1204 pervestiget,
1016 1151 1116 1203 quid
1130 1154 1191 1189 sui
1206 1153 1328 1196 cives,
1340 1152 1461 1202 eique

251 1218 451 1265 homines,
487 1220 634 1270 quibus
670 1218 824 1270 aliquid
858 1218 1031 1257 dicendo
1065 1218 1314 1270 persuadere
1348 1216 1461 1263 velit,

251 1289 451 1339 cogitent,
470 1289 667 1332 sentiant,
687 1289 921 1338 opinentur,
941 1291 1198 1337 exspectent.

305 1353 398 1392 LII.
426 1353 587 1392 Teneat
606 1360 771 1405 oportet
790 1367 914 1392 venas
938 1355 1134 1405 cuiusque
1153 1355 1330 1405 generis,
1348 1357 1461 1391 aeta-

251 1424 319 1467 tis,
335 1421 500 1467 ordinis,
518 1427 562 1459 et
579 1434 734 1467 eorum,
751 1421 861 1472 apud
877 1434 979 1472 quos
996 1420 1149 1472 aliquid
1165 1425 1278 1473 aget,
1294 1425 1368 1458 aut
1382 1421 1461 1458 erit

168 1498 236 1531 224
253 1495 431 1534 acturus,
452 1494 615 1527 mentes
635 1501 861 1540 sensusque
883 1488 1105 1540 degustet;
1129 1486 1460 1539 philosophorum

252 1562 393 1594 autem
415 1556 537 1594 libros
560 1561 743 1594 reservet
765 1556 841 1594 sibi
865 1555 918 1594 ad
939 1555 1221 1594 huiuscemodi
1241 1554 1458 1593 Tusculani

250 1626 436 1675 requiem
456 1629 582 1675 atque
602 1626 747 1669 otium,
766 1636 833 1669 ne,
852 1625 885 1661 si
904 1622 1068 1675 quando
1088 1625 1126 1661 ei
1144 1621 1364 1661 dicendum
1381 1624 1460 1660 erit

251 1691 303 1729 de
334 1693 491 1729 iustitia
523 1696 567 1729 et
596 1690 692 1736 fide,
717 1695 933 1729 mutuetur
961 1703 985 1727 a
1015 1689 1216 1735 Platone;
1253 1691 1338 1741 qui,
1366 1701 1459 1729 cum

250 1757 353 1796 haec
381 1757 649 1809 exprimenda
676 1758 808 1796 verbis
837 1757 1119 1803 arbitraretur,
1145 1770 1293 1795 novam
1318 1769 1460 1808 quam-

251 1825 348 1863 dam
376 1825 495 1863 finxit
521 1827 563 1863 in
589 1824 701 1862 libris
729 1827 968 1863 civitatem:
1011 1837 1140 1876 usque
1169 1837 1218 1862 eo
1243 1823 1326 1870 illa,
1352 1837 1458 1876 quae

252 1891 426 1930 dicenda
449 1892 500 1930 de
526 1894 682 1930 iustitia
704 1892 895 1942 putabat,
918 1904 943 1929 a
964 1893 1074 1929 vitae
1097 1890 1393 1929 consuetudine
1415 1896 1459 1930 et

169 1970 234 2003 225
254 1972 277 1996 a
301 1961 515 1997 civitatum
540 1959 720 1997 moribus
747 1957 1035 1996 abhorrebant.
1091 1957 1213 2006 Quod
1237 1960 1270 1996 si
1296 1971 1346 1996 ea
1370 1971 1458 2009 pro-

256 2059 327 2094 158
