1560 2294
742 87 946 127 CICERO

238 194 398 228 ceteros
421 190 544 230 libros
569 194 668 230 artis
692 194 761 230 isti
785 205 884 231 suae
909 194 1088 238 nomine,
1112 190 1186 230 hos
1210 190 1449 230 Rhetoricos

176 255 221 288 56
240 256 284 288 et
317 252 558 299 inscribunt,
593 258 638 292 et
672 253 895 304 appellant.
969 253 1137 292 Etenim
1176 266 1270 291 cum
1309 252 1367 291 illi
1404 254 1447 290 in

238 312 412 352 dicendo
443 314 663 353 inciderint
695 314 773 353 loci
802 314 931 367 (quod
963 327 1164 367 persaepe
1199 314 1369 367 evenit),
1401 319 1450 352 ut

239 374 292 413 de
325 375 401 413 diis
429 376 743 423 immortalibus,
772 376 824 415 de
853 379 1028 428 pietate,
1057 377 1109 415 de
1138 375 1367 422 concordia,
1395 375 1448 414 de

239 438 433 483 amicitia,
457 437 510 476 de
533 441 739 476 communi
762 441 925 485 civium,
948 438 1001 477 de
1023 437 1250 484 hominum,
1273 437 1326 476 de
1348 450 1449 490 gen-

238 500 344 536 tium
372 501 475 546 iure,
494 499 547 538 de
577 503 805 552 aequitate,
824 500 877 539 de
905 503 1197 552 temperantia,
1216 499 1270 539 de
1291 500 1450 552 magni-

239 560 384 599 tudine
411 563 550 608 animi,
570 562 622 600 de
649 565 760 601 omni
783 565 946 601 virtutis
968 575 1122 615 genere
1141 564 1196 600 sit
1214 560 1449 607 dicendum,

239 621 491 669 clamabunt,
528 623 665 670 credo,
702 626 840 662 omnia
875 626 1104 676 gymnasia,
1142 629 1269 676 atque
1306 634 1448 661 omnes

238 682 571 736 philosophorum
589 685 765 732 scholae,
783 699 858 724 sua
874 685 977 724 haec
996 698 1085 724 esse
1103 688 1241 724 omnia
1257 686 1422 736 propria
1438 694 1451 730 ς

240 745 340 784 nihil
368 749 533 786 omnino
562 747 616 786 ad
646 753 852 786 oratorem
879 750 1101 799 pertinere.
1167 746 1326 796 Quibus
1356 759 1448 798 ego,

240 812 289 846 ut
325 808 378 846 de
412 807 474 847 his
510 809 634 847 rebus
670 810 859 848 omnibus
895 811 939 847 in
975 809 1150 861 angulis,
1182 807 1448 848 consumendi

239 871 313 908 otii
350 883 486 916 causa,
516 870 734 917 disserant,
761 884 856 909 cum
889 884 1141 917 concessero,
1173 869 1274 909 illud
1305 875 1449 909 tamen

238 934 391 970 oratori
421 932 601 971 tribuam
632 937 677 971 et
707 932 829 979 dabo,
859 938 908 971 ut
938 933 1100 979 eadem,
1130 932 1183 971 de
1213 928 1361 984 quibus
1391 930 1448 969 illi

239 995 356 1031 tenui
386 993 566 1045 quodam
597 997 878 1047 exsanguique
908 1007 1096 1033 sermone
1126 994 1355 1045 disputant,
1383 992 1449 1031 hic

175 1063 221 1097 57
240 1068 333 1093 cum
360 1058 471 1094 omni
497 1058 704 1108 gravitate
731 1061 776 1095 et
800 1056 1059 1095 iucunditate
1086 1055 1278 1107 explicet.
1333 1054 1450 1094 Haec

241 1129 319 1168 ego
346 1130 440 1155 cum
465 1119 562 1168 ipsis
587 1116 837 1169 philosophis
864 1123 954 1156 tum
981 1116 1158 1156 Athenis
1184 1116 1450 1162 disserebam,

240 1179 418 1230 cogebat
440 1181 550 1217 enim
569 1191 638 1218 me
661 1178 723 1218 M.
747 1179 968 1218 Marcellus
989 1178 1055 1217 hic
1075 1183 1230 1225 noster,
1251 1180 1321 1230 qui
1341 1191 1450 1216 nunc

241 1239 384 1278 aedilis
421 1240 570 1279 curulis
608 1245 701 1286 est3
754 1245 799 1279 et
834 1239 1036 1292 profecto,
1073 1242 1151 1279 nisi
1187 1239 1304 1278 ludos
1341 1252 1450 1278 nunc

240 1300 413 1348 faceret,
433 1301 527 1341 huic
547 1307 687 1341 nostro
707 1304 885 1340 sermoni
904 1305 1126 1341 interesset
1144 1314 1155 1348 ;
1190 1315 1237 1340 ac
1256 1303 1339 1340 iam
1359 1306 1450 1340 tum

242 1369 333 1402 erat
351 1363 679 1403 adolescentulus
697 1363 760 1403 his
778 1364 924 1403 studiis
941 1363 1110 1402 mirifice
1128 1363 1306 1402 deditus.

179 1435 224 1469 58
294 1425 384 1464 Iam
400 1439 496 1464 vero
513 1425 566 1465 de
584 1426 745 1478 legibus
760 1425 1038 1471 instituendis,
1055 1425 1108 1464 de
1127 1424 1249 1471 bello,
1265 1424 1318 1463 de
1334 1437 1451 1476 pace,

242 1487 295 1526 de
327 1490 458 1534 sociis,
490 1487 543 1526 de
575 1487 859 1540 vectigalibus,
887 1487 941 1526 de
969 1490 1057 1525 iure
1085 1486 1191 1525 civili
1219 1488 1450 1539 generatim

241 1551 284 1587 in
312 1549 474 1588 ordines
503 1554 748 1601 aetatesque
777 1549 997 1600 descripto,
1025 1548 1166 1587 dicant
1193 1547 1259 1586 vel
1289 1547 1450 1594 Graeci,

241 1613 275 1649 si
304 1611 460 1657 volunt,
490 1610 740 1663 Lycurgum,
769 1616 842 1649 aut
870 1609 1060 1648 Solonem
1081 1610 1334 1662 (quanquam
1362 1608 1450 1648 illos

241 1673 409 1724 quidem
421 1685 635 1711 censemus
646 1675 689 1710 in
700 1685 871 1711 numero
884 1671 1165 1723 eloquentium
1176 1670 1450 1723 reponendos)

241 1736 363 1773 scisse
387 1733 548 1780 melius,
571 1747 694 1786 quam
718 1733 989 1786 Hyperidem,
1013 1739 1086 1771 aut
1109 1731 1451 1778 Demosthenem,

241 1794 447 1847 perfectos
481 1798 564 1834 iam
601 1795 787 1834 homines
821 1798 864 1833 in
897 1794 1085 1841 dicendo,
1121 1799 1165 1833 et
1197 1793 1451 1846 perpolitos;

248 1863 1452 1920 mmmm

238 1930 354 2006 plebiis
377 1930 428 2006 by
449 1930 541 1964 their
564 1931 661 1974 right
682 1933 720 1964 to
743 1940 807 1965 use
830 1930 890 1964 the
911 1930 1001 1964 eolla
1021 1929 1161 1963 curulis
1187 1928 1261 1963 and
1284 1929 1346 1963 the
1369 1931 1450 1971 toqa

237 1985 328 2017 prae
344 1984 384 2008 σω
400 1985 434 2008 α.

241 2031 292 2066 42
