1560 2294
748 93 954 133 CICERO

241 196 614 248 percipiendaeque
635 198 998 249 virtutis—quibus
1023 201 1133 238 enim
1151 199 1194 238 id
1213 213 1454 252 persuasum

243 267 366 308 esset,
386 268 434 300 ut
456 262 555 300 nihil
576 262 748 301 mallent
770 276 814 301 se
838 276 941 309 esse,
962 277 1087 316 quam
1108 265 1236 304 bonos
1256 268 1375 313 viros,
1395 268 1454 306 eis

241 328 441 379 reliquam
456 327 619 366 facilem
635 341 724 366 esse
744 328 1043 368 doctrinam—2
1073 332 1129 368 sic
1145 344 1223 383 ego
1242 331 1454 385 intellego,

242 395 275 432 si
300 397 342 431 in
368 393 485 439 haec,
512 407 619 445 quae
648 393 849 445 patefecit
875 397 1060 434 oratione
1086 409 1160 434 sua
1186 396 1368 443 Crassus,
1393 400 1454 436 in-

241 465 351 498 trare
380 459 618 505 volueritis;
654 458 847 498 facillime
881 473 951 498 vos
980 460 1034 499 ad
1062 474 1126 507 ea,
1155 475 1262 514 quae
1290 465 1453 515 cupitis,

241 531 510 576 perventuros
530 525 583 563 ab
601 524 678 563 hoc
698 525 828 571 aditu,
847 527 1052 578 ianuaque
1071 526 1295 578 patefacta.

158 596 224 629 205
294 590 421 629 Nobis
457 603 567 636 vero,
600 593 735 642 inquit
769 590 983 642 Sulpicius,
1016 594 1097 630 ista
1129 598 1226 632 sunt
1257 599 1453 647 pergrata

241 670 398 708 perque
432 656 636 694 iucunda:
681 656 755 695 sed
785 670 917 707 pauca
948 660 1075 696 etiam
1104 661 1362 710 requirimus,
1391 662 1452 698 in-

241 725 464 774 primisque
492 735 557 768 ea,
584 735 691 773 quae
719 722 838 760 valde
866 723 1047 762 breviter
1074 736 1098 761 a
1124 729 1184 770 te,
1211 723 1371 771 Crasse,
1398 725 1451 765 de

241 791 330 839 ipsa
363 793 452 826 arte
490 801 682 839 percursa
719 793 830 833 sunt,
861 802 952 826 cum
983 788 1053 827 illa
1089 794 1134 828 te
1165 794 1209 828 et
1238 803 1321 829 non
1357 804 1452 830 con-

240 860 443 899 temnere,
465 859 509 892 et
530 853 718 891 didicisse
739 853 994 892 confiterere.
1050 854 1112 893 Ea
1132 857 1166 893 si
1186 855 1308 907 paulo
1329 855 1451 895 latius

241 920 406 964 dixeris,
448 919 624 970 expleris
666 932 831 957 omnem
874 923 1228 971 exspectationem
1269 921 1451 960 diuturni

241 985 432 1024 desiderii
446 987 587 1023 nostri,
643 984 750 1022 Nam
765 998 886 1031 nunc,
902 986 1048 1036 quibus
1064 986 1316 1025 studendum
1329 988 1451 1027 rebus

242 1057 365 1096 esset,
393 1053 638 1101 accepimus,
666 1050 777 1102 quod
803 1053 938 1102 ipsum
966 1056 1030 1090 est
1056 1056 1199 1090 tamen
1225 1066 1451 1105 magnum3

241 1117 315 1155 sed
348 1119 431 1154 vias
466 1129 607 1154 earum
640 1129 777 1154 rerum
814 1119 1101 1168 rationemque
1139 1120 1324 1169 cupimus
1357 1132 1451 1172 cog-

241 1195 421 1221 noscere.

156 1257 224 1289 206
293 1247 403 1296 Quid
427 1250 474 1293 si,
494 1249 629 1299 inquit
653 1246 835 1294 Crassus,
856 1250 1050 1299 quoniam
1075 1261 1167 1300 ego,
1187 1262 1269 1301 quo
1293 1248 1450 1289 facilius

240 1328 310 1353 vos
334 1313 444 1365 apud
463 1327 530 1352 me
552 1318 756 1359 tenerem,
777 1318 938 1352 vestrae
960 1316 1097 1364 potius
1117 1314 1336 1354 obsecutus
1359 1329 1450 1355 sum

241 1380 457 1425 voluntati,
477 1392 601 1431 quam
621 1384 693 1417 aut
712 1379 1013 1425 consuetudini,
1033 1385 1105 1418 aut
1124 1385 1297 1419 naturae
1315 1394 1449 1428 meae,

240 1449 419 1498 petimus
452 1446 504 1483 ab
537 1445 734 1490 Antonio,
766 1450 814 1483 ut
846 1457 910 1490 ea,
943 1458 1049 1496 quae
1081 1448 1281 1492 eontinet,
1313 1460 1449 1499 neque

239 1512 372 1550 adhuc
387 1510 573 1562 protulit,
589 1523 641 1548 ex
656 1511 803 1562 quibus
819 1524 946 1548 unum
961 1511 1144 1549 libellum
1159 1512 1235 1550 sibi
1251 1512 1449 1551 excidisse

240 1577 478 1616 iamdudum
498 1581 668 1628 questus
692 1581 770 1622 est,
790 1576 969 1627 explicet
988 1577 1118 1622 nobis,
1139 1582 1183 1615 et
1200 1577 1270 1615 illa
1288 1578 1450 1617 dicendi

239 1645 436 1695 mysteria
474 1644 665 1681 enuntiet
682 1642 698 1680 ?
757 1641 817 1680 Ut
855 1641 1031 1688 videtur,
1068 1644 1203 1694 inquit
1236 1642 1448 1695 Sulpicius.

240 1710 346 1747 Nam
369 1709 550 1747 Antonio
573 1708 752 1753 dicente,
773 1709 899 1746 etiam
922 1708 1021 1759 quid
1043 1713 1090 1746 tu
1112 1707 1343 1761 intellegas,
1359 1722 1449 1747 sen·

155 1781 220 1815 207
239 1778 402 1814 tiemus.
458 1773 561 1812 Peto
581 1776 720 1825 igitur,
735 1775 869 1824 inquit
885 1772 1066 1819 Crassus,
1080 1787 1104 1811 a
1119 1779 1178 1819 te,
1195 1776 1387 1826 quoniam
1406 1774 1449 1813 id

239 1842 368 1886 nobis,
390 1840 560 1885 Antoni,
580 1838 811 1877 hominibus
831 1838 874 1877 id
893 1841 1057 1885 aetatis,
1078 1841 1211 1878 oneris
1231 1839 1284 1878 ab
1303 1839 1447 1878 horum

240 1906 562 1945 adolescentium
577 1904 722 1943 studiis
740 1906 978 1956 imponitur,
994 1909 1041 1942 ut
1061 1917 1256 1956 exponas,
1272 1904 1371 1958 quid
1389 1907 1447 1944 eis

238 1973 291 2011 de
310 1972 446 2018 rebus,
466 1984 567 2023 quas
586 1983 610 2008 a
629 1975 673 2009 te
693 1972 835 2022 quaeri
855 1969 981 2016 vides,
1000 1972 1167 2009 sentias.

241 2051 315 2085 144
