1560 2294
763 101 968 141 CICERO

257 202 367 241 unde
402 203 492 249 sibi,
523 205 556 241 si
589 217 672 242 non
703 203 712 217 ‘
731 205 871 256 populi
904 211 948 244 et
977 205 1125 258 reges,'
1157 212 1202 245 at
1234 219 1376 246 omnes
1406 208 1468 246 sui

256 267 364 303 cives
384 265 596 304 consilium
616 272 832 318 expetant,

415 352 572 387 Suarum
589 365 709 387 rerum
727 355 851 388 incerti
866 368 876 394 ς
902 366 992 398 quos
1009 367 1077 399 ego
1094 367 1175 390 mea
1191 367 1259 400 ope
1275 367 1318 391 ex

418 404 567 438 Incertis
584 409 711 446 certos,
729 410 986 450 compotesque
1003 407 1128 442 consili

417 456 581 497 Dimitto,
598 461 640 491 ut
656 469 701 491 ne
718 469 772 492 res
789 461 922 493 temere
938 462 1093 494 tractent
1108 460 1283 495 turbidas.

171 539 238 574 200
307 533 384 572 Est
423 537 533 573 enim
569 537 656 574 sine
692 536 816 574 dubio
852 536 997 575 domus
1032 538 1305 578 iurisconsulti
1338 541 1466 578 totius

255 596 465 635 oraculum
478 599 668 636 civitatis.
723 598 857 638 Testis
874 605 938 638 est
951 599 1119 639 huiusce
1134 601 1184 650 Q.
1202 601 1331 640 Mucii
1343 603 1467 640 ianua

256 664 300 697 et
322 659 586 707 vestibulum,
609 661 720 712 quod
747 664 790 700 in
813 664 899 701 eius
921 663 1194 702 infirmissima
1216 663 1466 711 valetudine,

255 720 485 776 affectaque
518 725 600 762 iam
629 729 784 771 aetate,
812 728 993 764 maxima
1020 726 1205 778 quotidie
1231 725 1466 779 frequentia

255 787 417 831 civium,
433 799 480 824 ac
495 799 747 825 summorum
761 786 973 827 hominum
988 789 1204 841 splendore
1220 790 1463 829 celebratur.

169 855 234 889 201
305 847 454 887 XLVI.
485 848 574 887 Iam
603 863 699 889 vero
727 850 797 889 illa
830 865 911 890 non
939 851 1106 904 longam
1133 856 1362 892 orationem
1394 853 1465 892 de-

253 911 450 958 siderant,
481 925 605 964 quam
635 914 688 952 ob
716 927 804 952 rem
839 917 1073 954 existimem
1105 916 1269 967 publica
1299 930 1463 969 quoque

253 975 354 1020 iura,
375 988 482 1026 quae
509 981 606 1014 sunt
631 979 796 1028 propria
821 980 998 1017 civitatis
1025 984 1152 1030 atque
1174 982 1350 1031 imperii,
1372 985 1462 1018 tum

252 1043 522 1077 monumenta
544 1052 682 1077 rerum
702 1046 929 1092 gestarum,
949 1047 994 1080 et
1013 1045 1233 1081 vetustatis
1258 1043 1462 1095 exempla,

252 1103 404 1138 oratori
430 1106 530 1139 nota
556 1115 645 1140 esse
672 1102 838 1142 debere.
895 1103 1002 1142 Nam
1028 1111 1076 1143 ut
1103 1107 1146 1143 in
1171 1119 1308 1144 rerum
1330 1109 1463 1158 priva-

253 1167 388 1201 tarum
409 1166 539 1203 causis
560 1170 686 1217 atque
710 1165 867 1205 iudiciis
887 1167 1168 1219 depromenda
1187 1182 1311 1220 saepe
1331 1172 1462 1209 oratio

257 1231 321 1263 est
342 1238 393 1263 ex
414 1228 501 1265 iure
522 1227 642 1273 civili,
662 1233 707 1266 et
725 1229 888 1275 idcirco,
911 1236 958 1269 ut
979 1236 1076 1269 ante
1097 1231 1288 1278 diximus,
1310 1235 1460 1271 oratori

253 1290 348 1326 iuris
369 1289 493 1327 civilis
514 1292 686 1329 scientia
705 1295 935 1331 necessaria
955 1299 1019 1332 est
1037 1307 1046 1332 ε
1076 1296 1132 1332 sie
1151 1296 1194 1332 in
1213 1297 1343 1333 causis
1357 1296 1460 1347 pub-

252 1349 337 1388 licis
368 1351 620 1399 iudiciorum,
644 1357 899 1402 concionum,
922 1355 1113 1403 Senatus,
1136 1359 1266 1396 omnis
1292 1357 1395 1397 haec
1418 1363 1462 1397 et

253 1416 511 1465 antiquitatis
553 1419 765 1464 memoria,
808 1423 853 1456 et
893 1419 1045 1470 publici
1086 1421 1183 1458 iuris
1224 1423 1460 1468 auctoritas,

252 1481 295 1514 et
324 1477 532 1528 regendae
561 1479 810 1530 reipublicae
839 1484 944 1520 ratio
973 1495 1021 1520 ac
1049 1484 1235 1529 scientia,
1261 1488 1460 1535 tanquam

250 1538 386 1590 aliqua
409 1543 619 1588 materies,
640 1545 698 1581 eis
725 1544 967 1591 oratoribus,
992 1547 1062 1596 qui
1089 1551 1303 1584 versantur
1329 1549 1372 1584 in
1397 1559 1459 1586 re-

249 1602 424 1651 publica,
445 1603 631 1643 subiecta
651 1618 739 1644 esse
759 1606 928 1645 debent.

163 1672 231 1707 202
300 1664 390 1703 Non
427 1669 536 1705 enim
570 1668 819 1707 causidicum
854 1671 990 1708 nescio
1024 1683 1163 1722 quem,
1197 1684 1334 1724 neque
1366 1685 1458 1724 pro-

247 1726 527 1775 clamatorem,
555 1735 628 1769 aut
654 1731 854 1778 rabulam,
881 1732 958 1771 hoc
984 1746 1172 1773 sermone
1199 1740 1338 1774 nostro
1364 1749 1458 1774 con—

245 1792 455 1840 quirimus,
480 1792 555 1831 sed
583 1805 678 1832 eum
704 1797 848 1841 virum,
873 1797 943 1847 qui
966 1799 1144 1847 primum
1169 1799 1223 1836 sit
1247 1800 1333 1836 eius
1358 1801 1456 1837 artis

245 1855 432 1899 antistes,
465 1857 578 1894 cuius
620 1869 713 1895 eum
758 1860 847 1908 ipsa
891 1863 1039 1897 natura
1082 1873 1277 1912 magnam
1302 1859 1455 1899 homini

243 1913 486 1955 facultatem
505 1917 638 1964 daret,
658 1924 800 1958 tamen
819 1920 980 1959 dedisse
1000 1921 1102 1960 deus
1121 1923 1347 1973 putabatur
1364 1935 1375 1970 ;
1408 1929 1455 1963 ut

242 1982 287 2015 et
310 1979 458 2029 ipsum,
484 1980 595 2032 quod
621 1987 710 2021 erat
733 1981 907 2022 hominis
931 1987 1155 2036 proprium,
1180 1998 1262 2024 non
1285 1991 1450 2038 partum

244 2043 319 2079 140
