1560 2294
764 132 968 171 CICERO

259 241 370 283 sunt,
395 249 501 288 quae
527 242 678 288 cogant
703 236 903 281 homines,
928 238 1033 274 sicut
1057 238 1099 273 in
1123 234 1211 274 foro
1236 249 1318 274 non
1342 235 1469 274 bonos

175 315 239 348 119
257 312 452 353 oratores,
473 309 575 345 item
594 310 637 344 in
657 306 822 345 theatro
843 312 1002 344 actores
1021 305 1149 344 malos
1169 308 1345 357 perpeti.
1392 306 1469 345 Est

256 380 382 430 igitur
412 381 563 416 oratori
594 378 816 430 diligenter
844 377 1158 429 providendum,
1187 390 1271 416 non
1300 379 1362 416 uti
1391 377 1468 416 illis

256 448 497 494 satisfaciat,
513 450 661 500 quibus
680 462 848 487 necesse
869 454 933 486 est
947 461 958 494 ;
988 448 1062 486 sed
1080 453 1128 487 ut
1146 450 1204 487 eis
1220 448 1467 487 admirabilis

256 533 346 559 esse
376 520 579 566 videatur,
606 521 754 572 quibus
780 519 908 558 libere
935 519 1059 557 liceat
1085 519 1277 557 iudicare.
1333 519 1408 565 Ac,
1434 521 1467 558 si

257 594 467 643 quaeritis,
495 591 632 642 plane,
661 591 760 643 quid
787 593 979 636 sentiam,
1008 590 1232 629 enuntiabo
1261 590 1372 641 apud
1397 589 1468 628 ho-

255 665 387 700 mines
413 661 761 708 familiarissimos,
788 661 899 714 quod
925 661 1059 700 adhuc
1084 674 1248 713 semper
1273 664 1398 707 tacui,
1424 667 1469 700 et

256 733 479 772 tacendum
493 736 648 785 putavi.
694 732 800 771 Mihi
816 735 957 779 etiam,
972 735 1126 784 quique
1141 735 1297 784 optime
1312 732 1468 778 dicunt,

257 807 409 856 quique
429 805 472 843 id
491 804 682 843 facillime
703 810 830 856 atque
851 806 1107 842 ornatissime
1127 802 1264 842 facere
1283 809 1468 855 possunt,

258 882 413 922 tamen,
437 878 514 914 nisi
537 876 682 914 timide
707 875 760 914 ad
783 875 1004 914 dicendum
1027 874 1244 922 accedunt,
1267 880 1312 914 et
1334 877 1377 913 in
1400 887 1469 913 ex-

258 947 455 985 ordienda
486 949 671 985 oratione
701 947 1011 998 perturbantur,
1042 959 1176 998 paene
1206 946 1468 998 impudentes

176 1027 240 1060 120
260 1018 449 1056 videntur
468 1032 477 1056 ι
513 1021 681 1056 tametsi
701 1017 743 1056 id
764 1017 948 1056 accidere
969 1031 1051 1056 non
1070 1022 1222 1069 potest.
1279 1017 1340 1056 Ut
1360 1019 1468 1055 enim

259 1092 432 1141 quisque
466 1091 622 1140 optime
656 1089 769 1134 dicit,
802 1091 862 1127 ita
894 1091 1074 1127 maxime
1108 1088 1271 1127 dicendi
1304 1087 1469 1127 difficul-

258 1166 406 1206 tatem,
430 1163 643 1212 variosque
669 1165 841 1198 eventus
865 1162 1074 1206 orationis,
1099 1162 1469 1211 exspectationem-

259 1245 340 1284 que
376 1231 588 1269 hominum
623 1233 891 1282 pertimescit.
947 1230 1029 1279 Qui
1065 1244 1160 1269 vero
1196 1230 1296 1268 nihil
1330 1235 1470 1282 potest

259 1302 430 1355 dignum
456 1316 515 1348 re,
543 1303 714 1354 dignum
741 1304 906 1340 nomine
933 1304 1119 1348 oratoris,
1146 1302 1316 1354 dignum
1342 1301 1470 1340 homi-

259 1388 358 1412 num
389 1374 553 1412 auribus
584 1374 743 1412 efficere
775 1379 901 1425 atque
933 1373 1072 1419 edere,
1101 1375 1135 1411 is
1163 1372 1278 1419 mihi,
1309 1375 1468 1411 etiamsi

259 1450 540 1483 commovetur
572 1447 614 1482 in
647 1444 836 1490 dicendo,
869 1450 1011 1482 tamen
1043 1443 1260 1496 impudens
1294 1443 1467 1482 videtur.

261 1516 352 1554 Non
379 1519 488 1554 enim
514 1515 723 1567 pudendo,
749 1515 823 1554 sed
856 1528 938 1554 non
963 1514 1151 1554 faciendo
1177 1515 1219 1554 id
1245 1515 1355 1567 quod
1387 1529 1468 1554 non

179 1595 238 1627 121
260 1587 395 1633 decet,
413 1587 696 1638 impudentiae
715 1599 866 1625 nomen
885 1585 1066 1639 effugere
1085 1586 1296 1625 debemus.
1333 1585 1468 1634 Quem

261 1672 356 1697 vero
380 1672 461 1696 non
484 1658 712 1709 pudet—id
735 1657 847 1709 quod
865 1659 908 1695 in
930 1657 1136 1709 plerisque
1157 1657 1342 1704 video—,
1361 1657 1468 1696 hunc

261 1743 338 1781 ego
352 1743 433 1767 non
446 1728 763 1780 reprehensione
776 1728 921 1774 solum,
930 1728 1004 1768 sed
1016 1731 1143 1767 etiam
1155 1742 1290 1780 poena
1298 1729 1466 1781 dignum

260 1806 374 1852 puto.
431 1800 635 1852 Equidem
659 1805 703 1838 et
725 1803 767 1838 in
790 1800 902 1838 vobis
927 1800 1254 1838 animadvertere
1277 1799 1400 1846 soleo,
1423 1805 1467 1838 et

260 1874 301 1909 in
334 1885 400 1909 me
433 1874 520 1922 ipso
553 1874 788 1922 saepissime
823 1873 1024 1922 experior,
1056 1876 1104 1909 ut
1136 1870 1394 1909 exalbescam
1425 1873 1465 1908 in

261 1945 465 1994 principiis
503 1942 679 1988 dicendi,
717 1947 761 1980 et
797 1947 888 1980 tota
924 1947 1080 1987 mente,
1118 1947 1244 1993 atque
1280 1941 1467 1980 omnibus

260 2013 430 2051 artubus
451 2015 762 2051 contremiscam
778 2025 788 2059 ;
817 2012 1145 2051 adolescentulus
1161 2026 1256 2051 vero
1276 2014 1332 2051 sic
1351 2014 1467 2052 initio

261 2099 311 2135 84
