1560 2294
764 113 969 154 CICERO

262 217 462 264 intentus,
483 217 698 270 diligentia
717 224 782 257 est
800 231 810 265 ;
846 224 895 258 ut
915 218 978 258 his
1003 219 1125 258 rebus
1151 218 1348 260 adhibeat
1365 224 1471 259 tam-

263 290 387 329 quam
413 278 553 317 lumen
578 279 743 331 aliquod
761 283 1015 327 memoriam,
1038 287 1086 320 ut
1107 294 1263 327 vocem,
1282 287 1331 320 ut
1352 283 1470 327 vires,

180 345 245 379 150
263 338 477 392 diligentia
491 347 567 379 est.
624 341 740 380 Inter
752 344 963 394 ingenium
977 343 1144 395 quidem
1158 348 1202 382 et
1214 343 1470 396 diligentiam

262 401 507 452 perpaulum
531 402 609 441 loci
635 403 838 455 reliquum
865 410 929 443 est
960 407 1051 443 arti.
1110 404 1189 443 Ars
1214 405 1471 444 demonstrat

263 467 443 509 tantum,
458 464 528 502 ubi
545 477 732 516 quaeras,
748 471 875 518 atque
893 466 964 504 ubi
981 469 1035 505 sit
1049 466 1164 512 illud,
1179 466 1290 518 quod
1304 465 1471 505 studeas

262 525 474 571 invenire;
522 525 680 578 reliqua
714 532 811 566 sunt
844 530 887 566 in
921 541 1031 574 cura,
1066 531 1299 567 attentione
1333 530 1471 574 animi,

263 588 528 638 cogitatione,
573 588 797 640 vigilantia,
841 589 1096 636 assiduitate,
1139 590 1308 636 labore3
1364 602 1473 628 com-

262 646 421 698 plectar
449 662 531 687 uno
561 650 699 696 verbo,
729 664 811 702 quo
844 664 969 703 saepe
998 654 1081 690 iam
1110 654 1172 690 usi
1201 664 1355 698 sumus,
1384 650 1472 690 dili-

263 711 434 761 gentia3
483 724 565 763 qua
600 725 682 750 una
716 714 869 751 virtute
904 726 1046 752 omnes
1081 716 1254 752 virtutes
1288 713 1471 765 reliquae

182 778 242 811 151
263 774 537 811 continentur.
594 773 701 812 Nam
728 777 922 813 orationis
949 775 1116 827 quidem
1143 777 1261 827 copia
1287 775 1472 814 videmus

262 838 311 871 ut
333 833 546 872 abundent
565 834 808 887 philosophi,
828 839 912 888 qui,
931 842 980 875 ut
1001 837 1271 889 opinor—sed
1288 842 1336 876 tu
1355 836 1472 883 haec,

264 893 426 941 Catule,
459 895 770 935 melius—nulla
803 897 905 936 dant
942 904 1166 950 praecepta
1202 898 1364 937 dicendi
1396 911 1473 937 nec

262 955 410 994 idcirco
435 960 584 1003 minus,
610 971 896 1011 quaecumque
921 973 986 998 res
1011 962 1222 1012 proposita
1247 965 1325 1007 est,
1350 962 1473 999 susci-

261 1020 396 1069 piunt,
415 1019 468 1057 de
487 1033 569 1071 qua
588 1022 751 1071 copiose
771 1026 816 1059 et
834 1021 1095 1060 abundanter
1111 1021 1344 1074 loquantur.

179 1086 243 1120 152
313 1079 504 1118 XXXVI.
539 1081 644 1120 Tum
692 1081 888 1122 Catulus:
942 1083 1032 1129 Est,
1075 1086 1224 1136 inquit,
1266 1089 1315 1122 ut
1359 1083 1472 1129 dicis,

262 1141 433 1188 Antoni,
446 1147 494 1180 ut
506 1142 691 1195 plerique
704 1143 933 1196 philosophi
946 1145 1057 1183 nulla
1069 1145 1238 1184 tradant
1249 1150 1472 1197 praecepta

263 1203 426 1242 dicendi
453 1209 497 1242 et
524 1203 707 1244 habeant
726 1211 918 1257 paratum
944 1212 1087 1245 tamen
1107 1207 1206 1259 quid
1229 1207 1281 1246 de
1307 1219 1471 1259 quaque

261 1278 306 1304 re
335 1265 487 1304 dicant.
547 1265 630 1305 Sed
661 1267 921 1314 Aristoteles,
951 1270 999 1314 is,
1029 1282 1154 1321 quem
1183 1282 1261 1321 ego
1292 1271 1471 1307 maxime

262 1327 452 1373 admiror,
478 1331 690 1380 proposuit
718 1329 918 1381 quosdam
942 1329 1066 1376 locos,
1090 1343 1142 1369 ex
1168 1331 1316 1382 quibus
1341 1332 1471 1369 omnis

263 1391 497 1441 argumenti
537 1392 602 1428 via
640 1404 723 1429 non
761 1391 883 1430 modo
923 1391 976 1430 ad
1022 1391 1354 1444 philosophorum
1392 1391 1471 1430 dis-

262 1453 536 1502 putationem,
579 1451 653 1490 sed
700 1455 827 1491 etiam
869 1452 923 1491 ad
963 1452 1083 1499 hanc,
1130 1467 1212 1506 qua
1253 1456 1296 1492 in
1337 1455 1467 1491 causis

261 1515 429 1559 utimur,
469 1515 749 1560 inveniretur3
798 1527 823 1552 a
859 1527 941 1566 quo
979 1514 1146 1566 quidem
1183 1514 1348 1554 homine
1385 1516 1468 1553 iam

261 1574 431 1620 dudum,
470 1575 640 1621 Antoni,
677 1589 760 1614 non
801 1576 966 1615 aberrat
1007 1579 1137 1615 oratio
1175 1582 1262 1622 tua,
1299 1578 1384 1615 sive
1421 1581 1469 1615 tu

261 1635 526 1675 similitudine
562 1636 666 1675 illius
702 1637 827 1675 divini
859 1640 1014 1690 ingenii
1046 1640 1089 1676 in
1122 1638 1269 1677 eadem
1301 1640 1469 1676 incurris

262 1700 436 1750 vestigia
471 1700 555 1737 sive
593 1701 720 1737 etiam
748 1699 816 1737 illa
843 1702 931 1751 ipsa
960 1699 1096 1752 legisti
1124 1705 1251 1752 atque
1279 1699 1468 1745 didicisti,

261 1759 373 1811 quod
393 1760 560 1811 quidem
584 1763 714 1812 magis
744 1763 828 1799 veri
857 1761 987 1800 simile
1011 1761 1185 1800 videtur.
1243 1760 1338 1800 Plus
1359 1763 1468 1800 enim

261 1826 305 1859 te
356 1834 506 1873 operae
559 1822 725 1860 Graecis
776 1822 937 1861 dedisse
988 1824 1110 1861 rebus
1161 1823 1294 1868 video,
1344 1836 1467 1874 quam

180 1892 242 1925 153
261 1888 513 1933 putaramus.
587 1883 693 1922 Tum
740 1884 831 1923 ille:
889 1884 1057 1930 Verum,
1101 1887 1250 1936 inquit,
1297 1897 1348 1922 ex
1399 1897 1467 1923 me

742 2025 758 2041 ⁶
781 2020 824 2053 In
841 2021 981 2064 Topica.

261 2074 336 2111 806
