1560 2294
740 110 945 151 CICERO

233 213 416 250 omnium
438 215 709 263 peritissimus
728 215 743 252 ?
797 214 1078 255 Verecundius
1106 216 1182 256 hac
1205 217 1258 256 de
1281 230 1326 256 re
1346 219 1448 256 iam-

232 278 390 317 dudum
417 279 575 331 loquor,
604 281 716 333 quod
744 281 863 321 adest
890 286 951 321 vir
977 286 1019 321 in
1048 284 1222 324 dicendo
1249 298 1446 332 summuS,

232 358 357 397 quem
392 360 469 399 ego
503 361 631 387 unum
665 355 871 388 oratorem
904 353 1084 389 maxime
1119 351 1325 398 admiror;
1371 351 1446 391 sed

150 414 212 447 172
231 417 374 451 tamen
385 413 497 453 idem
509 413 586 454 hoc
599 429 762 468 semper
772 418 835 455 ius
848 417 964 456 civile
977 421 1238 470 contempsit.
1278 419 1447 466 Verum,

231 483 425 531 quoniam
456 486 691 522 sententiae
723 489 850 536 atque
881 488 1081 536 opinionis
1112 499 1231 525 meae
1262 486 1445 525 voluistis

231 560 321 586 esse
349 551 585 601 participes,
615 550 715 588 nihil
744 551 988 598 occultab03
1033 558 1091 599 et,
1120 553 1258 605 quoad
1285 559 1444 606 potero,

230 615 344 653 vobis
365 629 570 667 exponam
589 617 689 669 quid
707 618 760 656 de
779 632 944 671 quaque
963 632 1007 658 re
1027 622 1216 659 sentiam.

283 681 521 722 XXXVIII.
551 684 722 723 Antonii
742 686 989 725 incredibilis
1011 687 1231 739 quaedam,
1252 693 1297 726 et
1315 701 1443 740 prope

231 750 446 801 singularis
474 756 519 789 et
545 751 683 790 divina
709 755 767 791 vis
794 755 949 805 ingenii
976 753 1153 800 videtur,
1180 757 1342 794 etiamsi
1367 754 1444 794 hae

230 828 402 864 seientia
421 828 518 865 iuris
539 827 696 866 nudata
717 831 784 874 sit,
804 842 924 880 posse
945 842 989 868 se
1012 828 1132 868 facile
1153 833 1301 869 ceteris
1322 833 1442 869 armis

229 893 475 944 prudentiae
491 897 599 933 tueri
615 900 742 947 atque
758 895 996 935 defendere.
1053 896 1189 945 Quam
1208 898 1261 936 ob
1276 911 1364 936 rem
1378 897 1443 937 hic

228 961 345 999 nobis
371 963 426 1000 sit
452 967 651 1013 exceptus
670 975 681 1008 ;
722 968 881 1002 ceteros
907 977 1004 1002 vero
1030 977 1113 1002 non
1138 964 1338 1004 dubitabo
1362 967 1443 1016 pri-

228 1041 342 1066 mum
360 1030 535 1067 inertiae
555 1029 829 1069 condemnare
849 1033 1058 1069 sententia
1076 1045 1184 1078 mea,
1202 1037 1298 1083 post
1316 1034 1443 1071 etiam

147 1107 208 1140 173
227 1095 524 1146 impudentiae.
581 1096 688 1135 Nam
716 1097 886 1136 volitare
908 1100 951 1135 in
973 1097 1075 1144 foro,
1098 1098 1269 1138 haerere
1291 1102 1334 1137 in
1354 1101 1442 1139 iure

228 1175 275 1200 ac
291 1168 531 1213 praetorum
551 1164 838 1210 tribunalibus,
854 1164 1005 1203 iudicia
1021 1168 1182 1216 privata
1198 1179 1442 1219 magnarum

228 1242 365 1268 rerum
392 1230 520 1276 obire,
547 1233 590 1268 in
617 1232 765 1283 quibus
792 1245 917 1284 saepe
945 1246 1027 1271 non
1055 1233 1107 1271 de
1135 1232 1261 1279 facto,
1288 1233 1362 1272 sed
1388 1233 1441 1272 de

229 1299 443 1348 aequitate
486 1311 534 1336 ac
574 1300 663 1337 iure
705 1304 902 1345 certetur,
944 1301 1098 1339 iactare
1141 1313 1186 1339 se
1227 1302 1270 1338 in
1311 1303 1441 1340 causis

229 1364 605 1411 centumviralibus,
628 1367 671 1403 in
697 1366 845 1417 quibus
869 1369 1178 1418 usucapionum,
1201 1367 1441 1414 tutelarum,

229 1431 528 1484 gentilitatum,
563 1435 846 1485 agnationum,
889 1433 1151 1480 alluvionum,
1189 1434 1440 1474 circumluvi-

228 1513 367 1545 onum,
397 1512 611 1546 nexorum,
640 1502 950 1552 mancipiorum,
975 1503 1196 1552 parietum,
1226 1501 1440 1550 luminum,

227 1566 538 1613 stillicidiorum,
556 1572 903 1606 testamentorum
920 1573 1136 1619 ruptorum
1154 1574 1227 1607 aut
1243 1574 1440 1617 ratorum,

227 1639 542 1686 ceterarumque
568 1647 706 1673 rerum
726 1635 1084 1674 innumerabilium
1103 1637 1193 1674 iura
1213 1641 1440 1684 versentur,

226 1712 320 1738 cum
344 1702 524 1746 omnino,
548 1700 648 1752 quid
671 1714 804 1747 suum,
828 1701 928 1753 quid
957 1701 1150 1747 alienum,
1174 1715 1301 1753 quare
1327 1701 1440 1741 deni-

227 1778 307 1817 que
323 1768 419 1805 civis
435 1772 508 1805 aut
522 1770 778 1819 peregrinus,
793 1781 933 1806 servus
949 1774 1022 1807 aut
1036 1768 1140 1807 liber
1154 1771 1356 1820 quispiam
1371 1771 1438 1816 sit,

226 1834 403 1884 ignoret,
421 1835 590 1886 insignis
610 1840 675 1872 est
693 1834 989 1886 impudentiae.

272 1974 287 1990 ⁰
310 1969 344 2003 A
374 1970 491 2004 bench
521 1970 562 2005 of
604 1970 716 2014 udges
747 1971 944 2014 appointed
977 1972 1101 2015 yearly
1132 1972 1193 2006 for
1222 1971 1305 2006 civil
1335 1974 1436 2013 suits,

226 2013 419 2057 especially
435 2014 538 2048 those
553 2026 590 2048 re
605 2017 708 2059 ating
724 2018 762 2049 to
779 2015 1011 2050 inheritance.

231 2070 302 2105 118
