1560 2294
746 93 950 133 CICERO

241 196 401 233 tionum
407 202 653 243 versaretur,
666 203 710 236 et
721 197 764 236 id
775 212 903 236 unum
914 212 1044 251 genus
1057 202 1209 239 oratori
1216 199 1451 252 reliquisse3

241 273 323 299 non
342 262 591 313 complectar
608 266 651 300 in
669 262 731 301 his
749 263 860 302 libris
880 264 1067 316 amplius,
1086 279 1210 317 quam
1229 266 1340 318 quod
1357 265 1452 306 huic

240 329 397 378 generi,
418 340 462 365 re
484 330 673 379 quaesita
694 334 738 367 et
757 329 934 368 multum
955 330 1180 381 disputata,
1201 344 1451 371 summorum

178 391 222 424 23
240 390 451 430 hominum
466 406 594 445 prope
610 407 810 432 consensu
826 400 891 433 est
905 396 1108 434 tributum
1126 408 1137 442 ;
1165 402 1452 450 repetamque,

240 470 323 495 non
374 458 427 496 ab
477 459 732 498 incunabulis
783 466 948 499 nostrae
999 464 1150 500 veteris
1199 462 1449 515 puerilisque

240 522 451 562 doctrinae
477 524 699 576 quemdam
724 525 909 565 ordinem
933 532 1263 579 praeceptorum,
1287 528 1362 567 sed
1386 541 1450 575 ea,

241 602 347 640 quae
379 589 587 641 quondam
619 593 758 642 accepi
789 593 831 629 in
862 597 1094 631 nostrorum
1124 592 1337 632 hominum
1368 593 1450 633 elo·

240 657 600 706 quentissimorum
635 661 679 694 et
711 659 822 695 omni
855 657 1060 709 dignitate
1093 657 1337 711 principum,
1370 659 1450 698 dis-

239 723 456 771 putatione
483 734 572 759 esse
597 727 771 761 versata.
828 722 921 761 Non
945 723 1056 775 quod
1079 723 1149 762 illa
1173 730 1450 772 contemnam,

239 798 346 837 quae
362 785 523 833 Graeci,
537 787 700 826 dicendi
715 788 890 827 artifices
906 793 951 827 et
964 788 1167 836 doctores,
1180 789 1450 843 reliquerunt;

238 851 326 897 sed,
347 865 441 890 cum
462 852 531 890 illa
558 858 734 904 pateant
761 856 804 892 in
831 859 1109 907 promptuque
1136 857 1220 895 sint
1246 857 1449 903 omnibus,

238 930 374 969 neque
397 931 446 956 ea
465 920 809 970 interpretatione
829 933 924 958 mea
945 926 1018 959 aut
1038 923 1220 960 ornatius
1241 921 1448 974 explicari,

238 988 311 1021 aut
335 983 495 1034 planius
523 987 696 1036 exprimi
720 987 892 1037 possint,
918 985 1034 1025 dabis
1060 985 1166 1025 hanc
1190 989 1366 1034 veniam,
1391 990 1448 1026 mi

236 1047 380 1094 frater,
407 1054 455 1087 ut
482 1052 638 1101 opinor,
666 1055 714 1089 ut
742 1064 897 1097 eorum,
924 1052 1072 1103 quibus
1099 1065 1260 1091 summa
1285 1053 1448 1093 dicendi

236 1113 324 1152 laus
351 1127 376 1152 a
401 1118 549 1153 nostris
576 1114 807 1155 hominibus
833 1130 1026 1156 concessa
1052 1123 1130 1164 est,
1157 1121 1448 1158 auctoritatem

238 1179 405 1218 Graecis
425 1185 688 1232 anteponam.

175 1253 221 1285 24
289 1245 384 1283 VII.
424 1245 529 1284 Cum
581 1249 708 1299 igitur
755 1247 1041 1287 vehementius
1091 1248 1356 1288 inveheretur
1404 1252 1446 1288 in

238 1324 403 1349 causam
437 1314 667 1363 principum
701 1313 841 1352 consul
875 1313 1100 1366 Philippus,
1135 1314 1342 1368 Drusique
1376 1318 1448 1355 tri-

238 1376 432 1423 bunatus,
456 1391 530 1429 pro
555 1377 732 1417 Senatus
757 1381 1004 1419 auctoritate
1029 1386 1258 1433 susceptus,
1281 1379 1446 1435 infringi

238 1444 320 1480 iam
365 1443 654 1496 debilitarique
699 1444 935 1491 videretur;
994 1445 1074 1484 dici
1121 1445 1221 1485 mihi
1263 1449 1447 1494 memini,

239 1507 428 1547 ludorum
470 1508 747 1548 Romanorum
789 1510 949 1557 diebus,
992 1510 1039 1549 L.
1084 1511 1288 1559 Crassum,
1330 1515 1446 1565 quasi

239 1573 456 1626 colligendi
487 1577 549 1613 sui
579 1589 715 1622 causa,
746 1589 791 1615 se
821 1578 864 1614 in
892 1576 1168 1616 Tusculanum
1198 1578 1447 1626 contulisse3

238 1642 397 1678 venisse
434 1640 595 1687 eodem,
630 1654 745 1680 socer
779 1643 866 1680 eius
903 1644 973 1694 qui
1007 1641 1159 1690 fuerat,
1194 1643 1245 1692 Q.
1283 1643 1445 1684 Mucius

237 1704 465 1752 dicebatur,
494 1712 538 1745 et
565 1706 626 1745 M.
655 1707 874 1754 Antonius,
900 1707 1022 1747 homo
1050 1714 1095 1747 et
1120 1709 1377 1748 consiliorum
1402 1712 1445 1748 in

236 1771 446 1821 republica
468 1774 612 1818 socius,
636 1777 680 1811 et
702 1786 862 1811 summa
883 1787 976 1812 cum
999 1773 1144 1813 Crasso
1165 1773 1445 1815 familiaritate

175 1845 218 1878 25
238 1838 489 1875 coniunctus.
546 1838 746 1877 Exierant
765 1844 906 1877 autem
929 1852 1022 1878 cum
1042 1842 1129 1891 ipso
1149 1839 1294 1879 Crasso
1309 1841 1445 1880 adole-

286 1945 301 1961 ⁰
325 1940 394 1975 For
416 1941 601 1984 Philippus
620 1942 693 1976 and
713 1943 850 1976 Drusus
871 1953 930 1977 see
949 1943 1072 1982 Index,
1094 1943 1167 1977 and
1184 1943 1240 1978 for
1261 1945 1321 1979 the
1342 1945 1443 1980 other

238 1995 362 2019 namoe
378 1984 530 2019 referred
545 1989 583 2020 to
599 1987 634 2020 in
651 1987 721 2020 this
735 1987 882 2030 chapter
896 1997 956 2021 see
973 1987 1230 2022 Introduction.

242 2047 287 2083 18
