1560 2294
760 117 964 158 CICERO

256 222 467 260 hominum
485 226 611 273 atque
629 223 809 260 rationes
826 223 991 273 penitus
1008 223 1267 272 perspexerit
1285 235 1295 261 τ
1325 224 1369 260 in
1385 235 1466 275 quo

255 278 511 330 philosophia
526 281 580 316 sit
595 281 747 317 oratori
762 281 990 317 necessario
1005 279 1270 330 percipienda
1287 291 1298 325 ;
1328 282 1466 331 quoin

255 336 392 374 studio
424 335 636 374 hominum
667 349 831 387 quoque
863 338 1279 387 ingeniosissimorum
1310 339 1467 376 otiosis-

256 395 532 444 simorumque
567 398 678 431 totas
714 398 875 431 aetates
911 392 1095 430 videmus
1131 406 1220 431 esse
1255 396 1464 433 contritas.

255 449 440 498 Quorum
475 463 552 502 ego
586 452 745 501 copiam
777 449 1190 501 magnitudinemque
1223 452 1466 502 cognitionis

255 513 382 559 atque
402 509 500 545 artis
518 520 600 545 non
617 506 740 545 modo
757 520 839 544 non
857 512 1091 552 contemno,
1108 506 1183 545 sed
1200 509 1327 546 etiam
1343 507 1467 547 vehe-

255 570 420 603 menter
450 564 654 602 admiror:
699 564 815 602 nobis
846 569 1002 610 tamen,
1032 566 1102 615 qui
1138 566 1180 601 in
1209 563 1286 603 hoc
1314 565 1466 617 populo

255 622 427 673 foroque
449 634 671 667 versamur,
692 623 791 659 satis
813 627 891 667 est,
913 634 963 659 ea
983 620 1035 659 de
1055 621 1236 659 moribus
1255 620 1467 662 hominum

258 685 302 718 et
324 682 440 724 scire,
464 684 508 717 et
530 678 680 724 dicere,
703 691 810 730 quae
832 691 915 716 non
937 677 1160 717 abhorrent
1182 678 1235 717 ab
1256 677 1468 719 hominum

258 737 450 775 moribus.

175 805 241 839 220
310 794 411 842 Quis
432 795 542 831 enim
563 805 746 844 unquam
769 797 907 830 orator
931 805 1120 844 magnus,
1143 797 1187 831 et
1205 795 1354 845 gravis,
1373 807 1466 833 cum

258 854 409 889 iratum
426 850 657 888 adversario
674 849 850 887 iudicem
866 847 1003 887 facere
1020 848 1160 895 vellet,
1175 848 1396 889 haesitavit
1412 851 1465 890 ob

257 923 350 947 eam
384 921 563 953 causam,
597 906 709 958 quod
742 908 933 952 nesciret,
967 905 1067 957 quid
1100 912 1211 945 esset
1242 908 1466 955 iracundia,

255 965 444 1004 fervorne
460 966 626 1010 mentis,
642 977 695 1001 an
709 960 912 1015 cupiditas
926 962 1125 1014 puniendi
1140 963 1288 1002 doloris
1305 964 1321 1002 ?
1351 964 1467 1012 Quis,

256 1037 349 1062 cum
389 1027 548 1060 ceteros
587 1023 816 1059 animorum
855 1026 992 1059 motus
1032 1025 1106 1059 aut
1143 1020 1358 1068 iudicibus,
1393 1027 1467 1061 aut

254 1079 406 1132 populo
424 1078 598 1117 dicendo
614 1080 785 1116 miscere
804 1083 931 1128 atque
949 1079 1107 1129 agitare
1124 1077 1263 1124 vellet,
1281 1091 1331 1116 ea
1347 1078 1466 1126 dixit,

254 1149 361 1188 quae
385 1149 409 1174 a
430 1134 679 1187 philosophis
702 1134 781 1172 dici
803 1133 937 1172 solent
955 1134 970 1172 ?
1025 1133 1106 1182 Qui
1127 1137 1279 1185 partim
1300 1138 1466 1174 omnino

253 1199 390 1232 motus
409 1197 567 1244 negant
584 1194 626 1229 in
645 1193 790 1229 animis
808 1190 910 1229 ullos
929 1204 1018 1230 esse
1037 1191 1205 1237 debere,
1223 1194 1376 1244 quique
1396 1206 1465 1231 eos

253 1253 297 1290 in
321 1250 502 1289 iudicum
527 1249 736 1287 mentibus
762 1254 985 1294 concitent,
1011 1248 1142 1286 scelus
1168 1261 1237 1287 eos
1262 1247 1465 1288 nefarium

254 1307 391 1346 facere
410 1320 420 1353 ;
457 1309 623 1358 partim,
645 1308 716 1358 qui
738 1305 1033 1344 tolerabiliores
1055 1305 1198 1344 volunt
1220 1318 1324 1352 esse,
1347 1311 1392 1344 et
1413 1306 1467 1346 ad

255 1368 476 1404 veritatem
506 1366 617 1402 vitae
647 1365 813 1414 propius
845 1362 1056 1408 accedere,
1086 1362 1388 1414 permediocres
1418 1376 1467 1404 ac

255 1425 391 1474 potius
409 1422 520 1460 leves
539 1426 676 1459 motus
695 1420 848 1459 debere
869 1433 957 1459 esse
976 1419 1131 1459 dicunt.

172 1491 235 1524 221
307 1480 459 1518 Orator
481 1483 622 1516 autem
644 1479 782 1516 omnia
803 1476 921 1524 haec,
942 1489 1049 1528 quae
1071 1481 1273 1528 putantur
1293 1478 1335 1515 in
1357 1490 1465 1516 com-

254 1540 368 1576 muni
414 1539 523 1574 vitae
569 1534 882 1580 consuetudine,
926 1533 1049 1580 mala,
1095 1546 1142 1572 ac
1186 1533 1374 1580 molesta,
1421 1539 1465 1574 et

253 1593 466 1646 fugienda,
499 1591 630 1630 multo
663 1594 818 1629 maiora
851 1596 895 1629 et
928 1591 1137 1629 acerbiora
1169 1590 1303 1629 verbis
1335 1589 1435 1629 facit
1453 1603 1463 1637 3

253 1654 438 1703 itemque
469 1663 532 1696 ea,
561 1661 667 1701 quae
697 1648 818 1699 vulgo
848 1647 1084 1699 expetenda
1113 1652 1240 1699 atque
1268 1647 1465 1699 optabilia

254 1708 460 1753 videntur,
476 1705 650 1745 dicendo
666 1705 889 1756 amplificat
905 1710 1031 1756 atque
1048 1709 1168 1742 ornat
1187 1717 1196 1743 :
1226 1717 1362 1756 neque
1378 1703 1466 1743 vult

253 1767 313 1803 ita
336 1766 498 1815 sapiens
521 1765 631 1801 inter
653 1761 801 1800 stultos
825 1761 967 1807 videri,
991 1763 1066 1806 uti,
1090 1762 1160 1812 qui
1184 1760 1368 1806 audiant,
1392 1765 1465 1799 aut

299 1914 315 1931 ⁶
338 1909 524 1942 Wilkins's
546 1911 738 1951 argument
763 1907 819 1941 for
838 1906 989 1949 reading·
1009 1906 1159 1940 motibus*
1184 1905 1388 1939 animorum
1407 1905 1463 1939 for

255 1954 410 1988 moribus
427 1953 607 1986 hominum
624 1953 653 1985 is
669 1951 947 1993 unconvincing.

302 1997 316 2018 θ
342 1996 399 2040 Cf.
424 1995 605 2034 Aristone,
628 1995 732 2029 Rhet.
759 1994 808 2028 11.
833 1995 869 2028 ii.
891 1995 938 2031 Ως
972 1993 1045 2027 and
1070 1991 1205 2032 Cicero,
1231 1991 1332 2027 Tmo.
1354 1991 1458 2036 Βίῳ,

256 2042 302 2075 iv.
319 2043 353 2074 9.
371 2042 413 2074 21
432 2039 505 2073 and
526 2041 579 2073 10.
596 2041 654 2072 24.

260 2089 332 2124 156
