1560 2294
137 217 204 251 210

134 973 196 1005 211

727 109 930 149 CICERO

276 212 395 259 Nam,
418 216 451 251 si
473 212 580 252 forte
604 219 886 265 quaereretur,
910 227 1016 265 quae
1041 220 1150 253 esset
1172 227 1235 253 ars
1257 217 1430 266 impera-

222 277 334 321 toris,
366 276 701 314 constituendum
733 282 924 327 putarem
955 279 1167 328 principio,
1199 279 1289 329 quis
1321 282 1432 316 esset

220 340 471 389 imperator:
504 342 574 390 qui
600 353 692 377 cum
714 344 824 377 esset
849 342 1097 378 constitutus
1127 339 1432 379 administrator

220 401 387 451 quidam
404 401 501 439 belli
520 402 706 453 gerendi,
723 407 813 440 tum
830 402 1147 454 adiungeremus
1163 402 1216 441 de
1233 405 1433 450 exercitu,

220 464 272 501 de
297 467 453 510 castris,
478 464 530 503 de
556 465 801 516 agminibus,
825 465 877 503 de
902 467 1110 517 signorum
1134 464 1430 512 collationibus,

220 526 271 564 de
307 527 550 578 oppidorum
584 528 974 579 oppugnationibus,
1008 528 1061 566 de
1095 534 1343 574 commeatu,
1376 527 1430 567 de

219 589 373 627 insidiis
404 588 601 628 faciendis
633 595 760 642 atque
792 590 982 636 vitandis,
1014 590 1067 629 de
1097 590 1262 643 reliquis
1292 591 1429 636 rebus,

220 666 326 704 quae
359 658 497 691 essent
526 655 714 704 propriae
745 653 842 691 belli
872 653 1212 700 administrandi3
1256 667 1429 706 quarum

220 718 289 766 qui
315 721 453 754 essent
477 718 613 754 animo
638 721 682 754 et
705 718 876 754 scientia
900 722 1125 767 compotes,
1149 729 1219 755 eos
1243 729 1332 755 esse
1355 719 1430 755 im-

219 784 430 829 peratores
448 778 627 817 dicerem
647 791 656 824 ;
688 784 909 830 utererque
929 779 1127 831 exemplis
1144 777 1430 818 Africanorum

220 847 264 879 et
290 840 567 879 Maximorum
586 854 596 887 ;
635 841 964 893 Epaminondam
988 847 1114 894 atque
1139 841 1430 888 Hannibalem,

220 909 346 955 atque
368 907 453 942 eius
473 907 635 956 generis
654 903 839 942 homines
859 907 1126 943 nominarem.

270 966 340 1005 Sin
363 973 505 1005 autem
528 980 819 1018 quaereremus
842 970 932 1019 quis
955 973 1066 1006 esset
1086 970 1134 1014 is,
1157 970 1227 1020 qui
1250 968 1303 1007 ad
1323 981 1430 1007 rem-

217 1030 423 1081 publicam
436 1030 732 1068 moderandam
745 1043 878 1076 usum,
892 1036 936 1069 et
949 1033 1177 1077 scientiam,
1190 1036 1234 1069 et
1246 1031 1429 1070 studium

218 1106 336 1131 suum
360 1093 614 1139 contulisset,
638 1093 852 1131 definirem
875 1092 951 1131 hoc
973 1093 1096 1132 modo
1115 1107 1125 1133 z
1163 1092 1258 1142 Qui,
1282 1094 1429 1146 quibus

217 1156 339 1194 rebus
378 1155 534 1194 utilitas
571 1156 820 1207 reipublicae
857 1162 1072 1207 pararetur
1109 1162 1430 1209 augereturque,

217 1224 397 1265 teneret,
413 1221 554 1270 eisque
574 1225 788 1265 uteretur3
816 1218 925 1258 hunc
943 1219 1192 1271 reipublicae
1212 1225 1429 1267 rectorem,

219 1287 263 1320 et
282 1282 435 1320 consilii
456 1282 607 1333 publici
629 1288 839 1320 auctorem
860 1295 949 1321 esse
968 1281 1206 1321 habendum
1225 1295 1235 1329 ;
1268 1283 1429 1334 praedi-

217 1358 437 1396 caremque
475 1344 519 1382 P.
558 1344 797 1390 Lentulum,
832 1347 1059 1396 principem
1094 1345 1222 1391 illum,
1259 1351 1303 1384 et
1337 1345 1426 1384 Tib.

219 1407 449 1446 Gracchum
467 1412 644 1459 patrem,
662 1413 707 1446 et
724 1407 774 1455 Q.
797 1407 1030 1454 Metellum,
1049 1413 1094 1446 et
1111 1407 1155 1446 P.
1175 1407 1428 1455 Africanum,

220 1476 264 1508 et
287 1470 331 1508 C.
355 1470 556 1516 Laelium,
578 1476 622 1509 et
647 1471 965 1509 innumerabiles
986 1470 1084 1509 alios
1105 1484 1198 1509 cum
1218 1484 1269 1509 ex
1289 1477 1428 1510 nostra

133 1542 200 1577 212
219 1536 400 1579 civitate,
436 1539 526 1571 tum
562 1547 613 1571 ex
649 1536 809 1572 ceteris.
865 1533 935 1572 Sin
970 1539 1111 1572 autem
1146 1539 1428 1586 quaereretur,

219 1599 406 1647 quisnam
431 1596 736 1634 iurisconsultus
757 1609 852 1635 vere
872 1599 1177 1642 nominaretur3
1206 1609 1300 1635 eum
1319 1596 1428 1635 dice-

218 1672 319 1704 rem,
347 1662 416 1710 qui
445 1659 600 1711 legum,
629 1665 674 1698 et
702 1659 1008 1698 consuetudinis
1039 1662 1139 1705 eius,
1168 1673 1250 1711 qua
1277 1662 1425 1711 privati

217 1724 259 1760 in
292 1724 460 1760 civitate
493 1727 724 1768 uterentur,
758 1727 803 1760 et
834 1721 888 1760 ad
919 1722 1266 1773 respondendum,
1298 1727 1343 1762 et
1374 1722 1427 1761 ad

218 1784 440 1836 agendum,
466 1789 510 1823 et
534 1784 586 1823 ad
610 1784 852 1831 cavendum,
875 1787 1032 1836 peritus
1057 1790 1196 1831 esset3
1235 1789 1279 1823 et
1302 1798 1354 1823 ex
1379 1798 1427 1824 eo

217 1859 371 1899 genere
408 1846 521 1885 Sext.
560 1847 738 1893 Aelium,
777 1846 851 1885 Μ’.
891 1847 1122 1893 Manilium,
1158 1846 1203 1886 P.
1242 1846 1426 1886 Mucium

218 1912 484 1948 nominarem.

270 1971 421 2010 XLIX.
452 1972 607 2024 Atque,
641 1978 689 2011 ut
721 1975 802 2010 iam
837 1972 889 2011 ad
922 1972 1075 2011 leviora
1108 1975 1259 2011 artium
1291 1972 1428 2012 studia

221 2067 292 2103 148
