1560 2294
765 140 969 180 CICERO

262 242 358 281 boni
388 245 461 281 viri
490 243 618 282 debet
651 246 832 295 speciem
861 247 984 291 tueri,
1013 245 1130 292 lenis,
1160 251 1208 285 ut
1237 259 1362 298 saepe
1390 249 1472 287 iam

262 307 362 353 dixi,
391 313 518 359 atque
547 311 776 355 summissa,
805 310 862 347 sic
889 308 1007 356 haec,
1036 323 1143 362 quae
1174 313 1392 362 suscipitur
1419 312 1473 351 ab

263 378 424 411 oratore
447 372 501 411 ad
521 373 833 412 commutandos
856 377 1011 413 animos
1033 380 1160 427 atque
1182 378 1293 414 omni
1313 379 1473 417 ratione

265 437 504 484 flectendos,
523 440 687 477 intenta
707 452 754 476 ac
773 438 996 478 vehemens
1017 453 1106 478 esse
1126 439 1266 479 debet.

181 515 248 548 212
318 502 434 541 LIII.
463 502 545 542 Sed
573 508 638 542 est
663 504 869 555 quaedam
896 507 940 542 in
964 503 1026 543 his
1052 504 1211 544 duobus
1239 508 1474 558 generibus,

266 581 440 620 quorum
466 567 642 606 alterum
667 568 775 614 lene,
795 569 972 608 alterum
997 569 1220 609 vehemens
1249 584 1338 610 esse
1364 572 1475 611 volu-

266 646 371 679 mus,
390 633 558 671 difficilis
585 633 638 671 ad
664 633 1002 686 distinguendum
1022 635 1256 675 similitudo.
1306 637 1412 676 Nam
1431 643 1476 678 et

266 712 318 737 ex
351 698 420 736 illa
451 698 640 744 lenitate,
674 713 756 751 qua
789 700 1050 738 conciliamur
1083 703 1155 747 eis,
1184 704 1254 754 qui
1288 703 1476 750 audiunt,

266 763 320 802 ad
355 762 460 802 hanc
499 766 581 802 vim
619 766 873 810 acerrimam,
907 778 990 817 qua
1028 765 1195 804 eosdem
1233 770 1476 816 excitamus,

266 828 412 867 influat
445 834 611 879 oportet
644 828 812 880 aliquid,
841 835 886 868 et
919 843 971 869 ex
1004 829 1081 868 hac
1109 833 1148 869 vi
1181 845 1476 886 nonnunquam

268 896 392 933 animi
419 893 573 945 aliquid
592 893 930 933 inflammandum
957 900 1021 934 est
1040 895 1095 934 illi
1122 895 1311 944 lenitati;
1340 912 1476 951 neque

270 965 334 999 est
349 959 431 997 ulla
450 961 720 1010 temperatior
734 962 865 998 oratio
881 973 1006 1012 quam
1024 960 1107 1007 illa,
1122 963 1165 1000 in
1180 975 1262 1014 qua
1277 966 1477 1015 asperitas

270 1026 542 1063 contentionis
589 1026 760 1062 oratoris
799 1026 925 1076 ipsius
971 1024 1231 1066 humanitate
1275 1028 1478 1077 conditur,

269 1092 452 1129 remissio
479 1094 620 1127 autem
652 1088 835 1128 lenitatis
866 1090 1046 1142 quadam
1075 1094 1281 1144 gravitate
1312 1099 1357 1134 et
1385 1108 1479 1134 con-

270 1158 458 1194 tentione
478 1154 674 1192 firmatur.

186 1232 252 1265 213
324 1221 373 1258 In
389 1225 564 1270 utroque
583 1224 723 1257 autem
738 1232 892 1271 genere
907 1219 1084 1267 dicendi,
1097 1226 1141 1260 et
1160 1221 1242 1268 illo,
1258 1225 1301 1261 in
1321 1237 1402 1276 quo
1418 1227 1478 1264 vis

271 1291 397 1338 atque
419 1286 630 1323 contentio
652 1286 876 1335 quaeritur,
900 1290 944 1323 et
965 1284 1055 1331 hoc,
1077 1286 1188 1338 quod
1209 1287 1263 1326 ad
1284 1291 1412 1328 vitam
1433 1295 1478 1329 et

270 1363 404 1389 mores
443 1349 789 1395 accommodatur,
826 1355 870 1388 et
910 1353 1108 1402 principia
1143 1352 1263 1390 tarda
1300 1359 1396 1393 sunt
1433 1361 1478 1394 et

272 1419 407 1454 exitus
432 1419 575 1453 tamen
602 1416 718 1466 spissi
745 1420 790 1453 et
814 1415 1003 1466 producti
1030 1429 1118 1455 esse
1145 1417 1314 1457 debent.
1372 1419 1478 1459 Nam

272 1493 406 1532 neque
422 1479 685 1518 assiliendum
699 1482 841 1518 statim
856 1485 921 1518 est
940 1479 993 1519 ad
1005 1494 1136 1532 genus
1151 1481 1251 1520 illud
1265 1485 1480 1531 orationis3

273 1547 392 1585 abest
418 1547 527 1583 enim
554 1549 692 1583 totum
718 1558 742 1582 a
767 1558 904 1591 causa,
924 1550 969 1584 et
995 1545 1180 1585 homines
1206 1550 1318 1599 prius
1344 1550 1478 1600 ipsum

272 1611 385 1657 illud,
399 1610 509 1663 quod
522 1612 730 1661 proprium
744 1612 805 1648 sui
819 1610 957 1648 iudicii
973 1616 1050 1656 est,
1065 1612 1206 1651 audire
1221 1612 1477 1661 desiderant;

272 1690 348 1715 nec
379 1689 473 1715 cum
510 1677 553 1713 in
586 1688 679 1713 eam
711 1678 914 1714 rationem
946 1678 1151 1728 ingressus
1189 1679 1257 1724 sis,
1290 1678 1479 1718 celeriter

188 1747 254 1780 214
272 1740 566 1780 discedendum
580 1745 655 1778 est.
679 1739 768 1778 Non
788 1743 911 1786 enim,
924 1743 1029 1779 sicut
1042 1748 1346 1793 argumentum,
1359 1744 1477 1783 simul

272 1813 398 1858 atque
424 1808 604 1858 positum
628 1811 706 1851 est,
731 1808 935 1856 arripitur,
955 1805 1213 1859 alterumque
1240 1813 1285 1847 et
1308 1811 1478 1848 tertium

271 1874 464 1923 poscitur,
483 1873 543 1909 ita
568 1870 885 1909 misericordiam
912 1876 984 1909 aut
1010 1871 1203 1910 invidiam
1227 1878 1300 1911 aut
1322 1875 1479 1912 iracun-

272 1937 396 1982 diam,
411 1935 530 1974 simul
546 1941 672 1987 atque
688 1935 887 1981 intuleris,
900 1938 1027 1987 possis
1043 1949 1310 1976 commovere.
1345 1939 1479 1991 Argu-

271 2006 459 2039 mentum
475 2002 584 2040 enim
603 2003 707 2039 ratio
723 2003 811 2052 ipsa
826 2000 1053 2048 confirmat,
1065 2001 1204 2054 idque,
1217 2002 1336 2041 simul
1351 2008 1478 2056 atque

272 2099 349 2134 354
