1560 2294
769 110 973 151 CICERO

267 224 374 264 quae
405 226 458 252 ex
484 216 614 252 causis
641 220 733 253 orta
764 221 875 262 sunt,
902 220 946 254 et
971 218 1139 261 maiora,
1167 217 1295 267 paria,
1317 216 1474 254 minora

268 295 525 333 quaeremus.

186 359 248 392 167
319 352 407 392 XL.
436 354 501 392 Ex
529 358 754 394 coniunctis
784 358 840 395 sic
869 362 1115 409 argumenta
1136 356 1371 395 ducuntur:
1413 354 1424 370 ⁴
1441 357 1476 394 si

267 425 415 475 pietati
447 438 607 464 summa
638 426 858 465 tribuenda
888 426 977 465 laus
1010 432 1088 473 est,
1116 426 1278 465 debetis
1308 427 1477 471 moveri,

269 507 363 533 cum
401 495 451 543 Q.
486 496 707 536 Metellum
744 503 833 536 tam
869 500 938 549 pie
976 497 1119 550 lugere
1157 495 1359 536 videatis!
1412 497 1478 535 Ex

269 578 423 618 genere
454 572 624 606 autem:
671 567 680 582 ‘
699 570 734 607 si
765 571 1031 621 magistratus
1061 571 1105 606 in
1133 567 1274 620 populi
1304 567 1478 607 Romani

269 642 480 688 potestate
499 651 587 677 esse
606 639 777 686 debent,
795 639 895 691 quid
911 639 1151 678 Norbanum
1168 651 1347 685 accusas,
1364 640 1477 677 cuius

269 708 502 748 tribunatus
522 709 725 749 voluntati
743 713 881 762 paruit
898 712 1075 749 civitatis
1093 710 1109 748 ἲ
1128 709 1137 723 ’

188 784 251 817 168
321 779 386 818 Ex
408 786 528 832 parte
548 787 691 820 autem
710 795 775 828 ea,
793 795 901 834 quae
921 787 985 820 est
1008 782 1195 820 subiecta
1212 783 1356 834 generi
1373 794 1384 820 t
1416 779 1427 796 ¹
1445 783 1479 820 si

270 864 427 898 omnes,
457 854 527 904 qui
555 855 615 890 rei
643 852 832 904 publicae
862 852 1094 898 consulunt,
1123 855 1206 890 cari
1243 852 1360 891 nobis
1389 865 1478 890 esse

270 922 441 968 debent,
458 929 571 962 certe
588 926 630 961 in
646 926 786 975 primis
802 926 1086 975 imperatores,
1103 937 1277 975 quorum
1292 922 1479 969 consiliis,

271 995 438 1040 virtute,
466 994 669 1045 periculis,
697 997 923 1033 retinemus
952 1000 997 1033 et
1023 999 1206 1033 nostram
1233 993 1410 1033 salutem
1437 982 1482 1033 et

271 1066 431 1115 imperii
469 1064 745 1116 dignitatem.’
807 1065 871 1104 Ex
904 1065 1170 1103 similitudine
1209 1069 1378 1103 autem:
1419 1063 1430 1078 ³
1447 1066 1481 1103 si

271 1134 385 1174 ferae
405 1141 548 1187 partus
569 1149 662 1174 suos
683 1136 874 1188 diligunt,
895 1149 977 1188 qua
998 1149 1071 1174 nos
1090 1139 1134 1174 in
1153 1135 1301 1174 liberos
1322 1140 1481 1174 nostros

191 1208 255 1241 169
274 1206 530 1259 indulgentia
550 1220 639 1245 esse
659 1206 859 1245 debemus
878 1206 887 1245 !
907 1205 916 1219 ⁹
970 1206 1030 1245 At
1053 1219 1105 1245 ex
1125 1205 1452 1244 dissimilitudine
1471 1219 1481 1245 z

275 1277 284 1292 ‘
303 1280 336 1316 si
364 1278 630 1316 barbarorum
660 1282 724 1316 est
760 1279 804 1315 in
831 1277 942 1316 diem
971 1279 1121 1323 vivere,
1149 1282 1290 1315 nostra
1317 1276 1482 1315 consilia

274 1351 571 1400 sempiternum
626 1354 791 1400 tempus
846 1353 1033 1399 spectare
1088 1346 1272 1386 debent.’
1340 1347 1481 1400 Atque

275 1426 450 1472 utroque
474 1422 516 1458 in
539 1432 693 1472 genere
712 1425 756 1458 et
779 1419 1053 1458 similitudinis
1078 1424 1123 1457 et
1145 1418 1482 1458 dissimilitudinis

276 1487 466 1539 exempla
486 1493 582 1526 sunt
598 1501 650 1525 ex
666 1487 837 1525 aliorum
851 1486 971 1526 factis
987 1492 1060 1525 aut
1079 1486 1198 1525 dietis
1217 1491 1290 1525 aut
1309 1488 1482 1532 eventis,

276 1564 320 1598 et
346 1559 466 1597 fictae
491 1561 744 1596 narrationes
768 1570 892 1609 saepe
914 1557 1144 1609 ponendae.
1201 1556 1290 1595 Iam
1314 1570 1366 1596 ex
1389 1570 1481 1596 con-

276 1632 429 1668 trario:
485 1627 494 1641 ‘
513 1630 546 1666 si
581 1627 788 1666 Gracchus
821 1626 992 1673 nefarie,
1025 1626 1233 1678 praeclare
1267 1625 1481 1678 Opimius.'

195 1700 259 1733 170
280 1700 342 1738 Ex
368 1699 743 1751 consequentibus:
780 1697 789 1712 ‘
805 1700 839 1736 si
868 1703 912 1736 et
937 1696 1045 1736 ferro
1073 1695 1316 1736 interfectus
1344 1696 1412 1736 ille
1438 1701 1482 1736 et

279 1777 326 1810 tu
343 1772 528 1809 inimicus
547 1771 633 1808 eius
652 1782 745 1807 cum
762 1768 898 1821 gladio
916 1772 1087 1806 cruento
1104 1766 1421 1819 comprehensus
1439 1780 1483 1807 es

276 1844 318 1879 in
341 1841 409 1879 illo
429 1843 516 1892 ipso
543 1840 631 1878 loco
656 1845 700 1877 et
727 1852 848 1877 nemo
872 1843 1038 1889 praeter
1064 1843 1108 1876 te
1136 1837 1192 1876 ibi
1216 1839 1323 1876 visus
1347 1842 1410 1876 est
1438 1842 1482 1876 et

274 1925 397 1950 causa
419 1912 573 1949 nemini
596 1915 640 1948 et
662 1914 709 1948 tu
732 1922 894 1960 semper
917 1908 1067 1954 audax,
1089 1907 1188 1959 quid
1211 1913 1275 1946 est
1297 1906 1407 1959 quod
1428 1906 1481 1946 de

273 1981 452 2020 facinore
491 1980 681 2019 dubitare
710 1978 943 2031 possimus?
963 1976 972 1991 ³
1026 1977 1091 2016 Ex
1123 1979 1408 2016 consentaneis
1437 1982 1482 2016 et

271 2068 346 2104 318
