1560 2294
754 115 959 156 CICERO

251 227 427 274 partem,
449 226 494 260 et
513 234 721 272 superare,
741 221 985 260 mendosum
1006 227 1071 261 est
1088 234 1099 268 ;
1133 227 1224 261 tum
1244 222 1461 263 verborum

251 293 433 329 omnium
461 289 735 335 definitiones,
763 292 806 327 in
833 290 981 341 quibus
1009 303 1144 342 neque
1173 292 1318 331 abesse
1345 291 1462 345 quid-

251 372 376 411 quam
396 358 518 397 decet
537 371 673 410 neque
692 357 937 397 redundare.

188 437 234 470 84
305 427 397 466 XX.
428 426 510 465 Sed
528 426 606 465 hoc
625 429 658 464 si
677 429 720 464 in
739 429 828 464 iure
848 426 968 473 civili,
988 429 1021 465 si
1037 430 1164 466 etiam
1183 430 1227 466 in
1240 431 1375 480 parvis
1390 434 1464 469 aut

251 495 523 534 mediocribus
556 495 678 533 rebus
717 495 919 533 doctiores
960 498 1122 548 assequi
1161 503 1346 548 possunt,
1382 511 1464 537 non

251 564 362 603 idem
385 566 517 602 sentio
540 569 659 602 tanta
680 563 757 602 hac
778 566 821 601 in
839 577 898 610 re,
918 569 1089 616 tamque
1112 567 1326 612 immensa,
1345 579 1464 618 posse

253 633 353 671 fieri.
411 632 481 671 Sin
502 638 643 670 autem
663 634 733 683 qui
757 632 1023 679 arbitrantur,
1047 633 1279 673 deducendi
1297 640 1393 674 sunt
1413 635 1466 674 ad

254 715 337 747 eOS,
366 704 436 753 qui
463 700 566 739 haec
595 700 770 747 docent3
799 703 936 739 omnia
963 704 1045 739 iam
1075 701 1280 754 explicata
1308 708 1353 742 et
1374 717 1466 755 per-

253 770 382 822 polita
423 775 694 821 assequentur
713 783 722 808 :
765 774 862 807 sunt
904 772 1013 808 enim
1054 771 1372 810 innumerabiles
1413 772 1466 811 de

252 838 314 877 his
349 839 472 877 rebus
507 838 612 884 libri,
648 851 784 890 neque
821 838 951 876 abditi
982 851 1117 890 neque
1156 839 1328 878 obscuri.
1385 839 1467 879 Sed

253 908 435 953 videant,
451 906 550 959 quid
570 906 723 945 velint:
754 906 807 945 ad
825 906 1121 953 ludendumne,
1137 921 1190 945 an
1210 907 1263 947 ad
1281 921 1468 961 pugnan-

253 977 351 1015 dum
372 989 486 1014 arma
505 978 587 1014 sint
606 977 834 1026 sumpturi3
863 975 974 1013 aliud
994 978 1103 1014 enim
1123 989 1264 1028 pugna
1283 982 1327 1015 et
1347 979 1468 1024 acies,

253 1045 364 1084 aliud
391 1044 511 1083 ludus
540 1056 791 1095 campusque
820 1049 961 1082 noster
989 1043 1208 1083 desiderat.
1266 1044 1468 1084 Attamen

253 1127 317 1152 ars
330 1116 418 1164 ipsa
429 1113 585 1151 ludicra
598 1125 803 1150 armorum
819 1117 863 1150 et
875 1112 1093 1164 gladiatori
1109 1118 1153 1151 et
1164 1112 1284 1152 militi
1298 1113 1468 1165 prodest

254 1181 408 1233 aliquid
423 1194 433 1227 ;
462 1181 536 1219 sed
556 1183 714 1218 animus
730 1193 837 1226 acer,
854 1186 897 1218 et
912 1194 1121 1231 praesens,
1138 1186 1182 1219 et
1197 1187 1341 1220 acutus
1356 1181 1467 1221 idem

255 1256 381 1302 atque
416 1255 618 1294 versutus,
648 1251 819 1287 invictos
850 1251 954 1287 viros
989 1249 1113 1287 efficit
1142 1248 1241 1302 [non
1270 1250 1468 1289 difficilius

255 1324 344 1358 arte
365 1317 629 1370 coniuncta].1

194 1401 238 1435 85
308 1387 446 1435 Quare
486 1400 564 1439 ego
601 1386 678 1425 tibi
716 1391 921 1424 oratorem
959 1387 1016 1424 sic
1053 1388 1136 1424 iam
1173 1388 1402 1433 instituam,
1434 1388 1468 1426 si

257 1463 444 1508 potuero,
460 1461 522 1501 ut,
539 1454 638 1507 quid
653 1454 812 1492 efficere
828 1457 970 1506 possit,
987 1460 1084 1493 ante
1101 1457 1357 1506 perspiciam.
1401 1454 1463 1494 Sit

257 1528 366 1564 enim
390 1524 490 1562 mihi
515 1526 668 1562 tinctus
693 1523 841 1561 litteris
861 1535 871 1568 3
911 1523 1088 1561 audierit
1113 1523 1281 1575 aliquid,
1305 1523 1469 1575 legerit,

255 1596 335 1633 ista
357 1596 446 1644 ipsa
468 1597 691 1644 praecepta
715 1594 920 1643 acceperit
939 1605 948 1629 ε
987 1592 1161 1630 tentabo
1185 1591 1284 1643 quid
1307 1591 1469 1638 deceat,

255 1662 355 1714 quid
389 1674 501 1707 voce,
537 1660 636 1712 quid
670 1661 834 1706 viribus,
869 1659 969 1711 quid
1003 1663 1162 1711 spiritu,
1197 1659 1297 1711 quid
1330 1659 1470 1712 lingua

256 1731 414 1770 efficere
439 1732 579 1781 possit.
637 1727 678 1767 Si
702 1728 943 1780 intellegam
963 1741 1081 1779 posse
1103 1728 1156 1766 ad
1175 1741 1354 1766 summos
1378 1741 1469 1779 per-

256 1802 409 1844 venire,
435 1812 518 1836 non
542 1797 673 1836 solum
698 1797 907 1842 hortabor,
932 1802 980 1834 ut
1006 1796 1204 1842 elaboret,
1230 1795 1303 1835 sed
1329 1798 1470 1842 etiam,

257 1870 289 1907 si
316 1870 375 1907 vir
401 1879 564 1918 quoque
590 1867 721 1904 bonus
746 1865 846 1903 mihi
870 1864 1076 1903 videbitur
1099 1877 1203 1910 esse,
1223 1864 1470 1903 obsecrabo:

304 1980 315 2000 ¹
341 1979 500 2018 Ellendt,
518 1978 629 2021 Sorof
639 1978 713 2012 and
731 1978 844 2011 others
864 1977 970 2020 reject
990 1977 1045 2010 the
1063 1976 1178 2010 words
1197 1976 1236 2011 in
1255 1976 1410 2010 brackets
1427 1987 1468 2010 ω

258 2035 281 2057 a
297 2023 462 2066 copyist’s
477 2023 654 2056 addition.

260 2088 336 2123 260
