1560 2294
738 83 941 123 CICERO

236 200 444 240 goegasse,
471 193 544 226 aut
573 187 815 226 Sabinorum
844 188 1048 227 connubia
1075 190 1347 235 coniunxisse,
1370 194 1444 228 aut

237 253 500 291 finitimorum
525 256 606 292 vim
634 256 874 305 repressisse
901 253 1138 305 eloquentia
1165 253 1342 301 videtur,
1360 268 1443 294 non

236 318 401 357 consilio
415 324 459 357 et
471 321 675 370 sapientia
689 319 884 371 singulari
899 319 915 357 ?
960 319 1071 367 Quid
1084 319 1223 358 enim?
1251 322 1295 358 in
1307 319 1443 359 Numa

237 383 450 435 Pompilio,
458 384 581 436 quid?
605 387 648 423 in
660 384 745 423 Ser.
754 385 900 431 Tullio,
908 385 1031 437 quid?
1048 387 1091 423 in
1102 387 1251 424 ceteris
1262 386 1443 439 regibus,

236 463 410 501 quorum
436 450 569 489 multa
596 455 693 489 sunt
721 453 872 489 eximia
900 450 953 489 ad
980 450 1312 490 constituendam
1338 465 1445 490 rem-

235 515 456 567 publicam,
471 522 570 554 num
590 516 701 568 quod
722 516 983 568 eloquentiae
1003 519 1223 569 vestigium
1240 517 1443 569 apparet?

236 581 380 629 Quid?
427 584 582 620 exactis
612 582 778 634 regibus
809 582 994 634 (tametsi
1023 585 1155 633 ipsam
1186 585 1445 622 exactionem

235 652 392 693 mente,
406 661 489 685 non
502 647 656 699 lingua,
670 646 898 699 perfectam
914 647 961 686 L.
977 647 1094 686 Bruti
1109 661 1198 686 esse
1212 649 1446 702 cernimus),

236 712 310 751 sed
330 712 523 764 deinceps
546 716 696 759 omnia,
717 727 853 751 nonne
874 713 997 765 plena
1018 713 1289 761 consiliorum,
1309 717 1445 754 inania

173 788 218 822 38
237 778 454 817 verborum
482 778 700 817 videmus?
755 778 845 831 Ego
873 792 969 818 vero
997 781 1031 817 si
1059 779 1180 818 velim
1209 785 1254 819 et
1279 786 1445 819 nostrae

238 846 415 882 civitatis
452 844 651 895 exemplis
691 847 767 890 uti,
803 850 849 883 et
890 845 1074 891 aliarum,
1109 845 1228 896 plura
1262 844 1445 897 proferre

237 912 388 961 possim
412 909 664 948 detrimenta
686 909 858 961 publicis
883 911 1020 956 rebus,
1044 924 1169 962 quam
1193 911 1446 958 adiumenta,

237 988 311 1026 per
348 974 534 1013 homines
575 975 928 1027 eloquentissimos
967 978 1218 1027 importata:
1272 977 1359 1023 sed,
1396 982 1445 1017 ut

236 1040 394 1092 reliqua
407 1044 754 1092 praetermittam,
769 1044 951 1080 omnium
965 1041 1064 1079 mihi
1079 1041 1233 1088 videor,
1247 1045 1445 1094 exceptis,

237 1106 396 1152 Crasse,
427 1107 540 1145 vobis
572 1107 745 1153 duobus,
777 1106 1131 1159 eloquentissimos
1163 1107 1324 1147 audisse
1354 1107 1443 1148 Tib.

237 1177 282 1210 et
308 1172 353 1210 C.
383 1171 657 1223 Sempronios,
684 1186 858 1224 quorum
884 1178 1019 1224 pater,
1043 1172 1166 1212 homo
1194 1173 1374 1225 prudens
1400 1179 1445 1214 et

236 1240 384 1289 gravis,
418 1237 738 1290 haudquaquam
773 1238 983 1290 eloquens,
1017 1244 1062 1277 et
1094 1252 1219 1290 saepe
1253 1239 1366 1286 alias,
1398 1245 1443 1280 et

236 1305 416 1341 maxime
432 1316 589 1349 censor,
606 1303 728 1342 saluti
749 1303 998 1355 reipublicae
1013 1303 1105 1343 fuit.
1157 1304 1299 1357 Atque
1313 1307 1346 1343 is
1362 1318 1444 1344 non

237 1374 428 1407 accurata
441 1369 620 1420 quadam
631 1371 825 1408 orationis
837 1372 968 1421 copia,
979 1369 1054 1408 sed
1065 1375 1169 1408 nutu
1182 1375 1308 1422 atque
1320 1371 1444 1410 verbo

236 1434 447 1473 libertinos
482 1437 524 1472 in
558 1435 735 1474 urbanas
769 1435 900 1474 tribus
934 1435 1175 1482 transtulit3
1224 1435 1335 1488 quod
1367 1438 1443 1475 nisi

236 1499 416 1546 fecisset,
459 1500 769 1552 rempublicam,
811 1514 936 1552 quam
978 1514 1087 1539 nunc
1129 1503 1196 1539 vix
1239 1506 1444 1548 tenemus,

236 1565 390 1604 iamdiu
413 1565 567 1604 nullam
586 1565 844 1605 haberemus.
900 1566 959 1604 At
977 1579 1074 1604 vero
1094 1568 1180 1605 eius
1199 1566 1270 1605 filii
1288 1566 1445 1614 diserti,

237 1637 282 1669 et
319 1632 506 1670 omnibus
544 1631 610 1670 vel
657 1637 844 1678 naturae,
882 1631 947 1670 vel
987 1631 1197 1671 doctrinae
1233 1632 1444 1684 praesidiis

237 1696 290 1735 ad
331 1697 550 1736 dicendum
591 1700 740 1749 parati,
781 1711 874 1736 cum
913 1700 1124 1736 civitatem
1165 1697 1230 1737 vel
1270 1703 1444 1750 paterno

237 1763 416 1809 consilio,
438 1763 503 1802 vel
529 1766 647 1802 avitis
674 1766 795 1802 armis
821 1762 1150 1802 florentissimam
1176 1766 1444 1815 accepissent,

284 1868 300 1884 ⁰
322 1864 376 1898 Ti.
395 1863 627 1906 Sempronius
651 1863 848 1903 Gracchus,
871 1874 995 1897 censor
1022 1866 1083 1897 169
1109 1874 1187 1904 1³.c.,
1212 1862 1379 1898 enforced
1395 1874 1442 1898 an

236 1909 390 1950 existing
413 1907 498 1941 rule.
546 1907 743 1941 Freedman
775 1911 839 1941 not
862 1909 1008 1950 owning
1038 1906 1124 1940 land
1148 1907 1262 1942 worth
1285 1910 1324 1942 at
1353 1906 1443 1942 least

236 1954 361 1991 30‚000
376 1951 452 1985 HS.
471 1963 561 1984 were
578 1951 714 1985 limited
731 1954 769 1985 to
784 1951 846 1985 the
861 1951 942 1985 four
957 1952 1031 1993 city
1044 1951 1165 1985 tribes.
1214 1951 1291 1985 The
1306 1952 1444 1985 restric-

236 1997 313 2029 tion
327 2005 401 2029 was
414 1995 594 2034 removed.
612 1994 790 2038 probably
807 1996 843 2028 in
866 1997 945 2034 304,
963 1994 1030 2028 but
1046 2005 1119 2028 was
1135 1994 1294 2029 restored
1310 1996 1348 2029 in
1362 1997 1442 2030 220.

236 2043 285 2079 28
