1560 2294
744 124 948 164 CICERO

242 230 464 282 Philippus.
520 230 626 268 Tum
655 232 864 282 quaesitor
891 241 1140 280 properans:
1176 226 1186 242 ⁶
1203 226 1332 265 Modo
1359 226 1450 266 bre-

240 290 373 330 viter.'
428 290 507 328 Hic
555 290 622 328 ille
642 303 651 328 :
713 288 722 302 ‘
743 289 836 327 Non
885 288 1092 326 accusabis
1111 300 1121 333 3
1183 285 1450 338 perpusillum

240 349 423 403 rogabo.'
477 349 675 388 Ridicule.
731 348 814 387 Sed
842 348 1017 386 sedebat
1044 347 1169 386 iudex
1192 346 1239 385 L.
1262 345 1450 392 Aurifex,

242 412 402 450 brevior
424 413 527 462 ipse,
552 423 677 461 quam
701 411 820 447 testis
846 411 973 446 etiam
992 421 1001 446 :
1040 409 1171 446 omnis
1196 412 1260 445 est
1282 409 1386 445 risus
1407 408 1452 445 in

242 471 419 509 iudicem
450 482 696 508 conversus:
741 471 872 506 visum
903 473 967 506 est
997 473 1134 506 totum
1163 466 1328 505 scurrile
1357 465 1453 504 ridi-

243 530 392 569 culum.
447 530 557 582 Ergo
573 529 675 567 haec
691 542 798 580 quae
813 527 961 566 cadere
976 532 1148 578 possunt
1162 529 1205 564 in
1220 539 1322 578 quos
1336 525 1453 572 nolis,

244 592 428 642 quamvis
450 592 533 628 sint
553 588 675 634 bella,
696 594 793 626 sunt
813 594 956 626 tamen
976 590 1064 638 ipso
1085 599 1238 638 genere
1259 585 1452 625 scurrilia.

160 657 225 689 246
246 650 306 689 Ut
318 653 412 695 iste,
427 652 554 702 quise
569 648 657 687 vult
670 648 867 694 dicacem,
882 653 927 686 et
939 646 1174 685 mehercule
1189 651 1267 692 est,
1281 646 1454 697 Appius,

244 710 319 749 sed
350 722 645 761 nonnunquam
676 711 719 747 in
750 707 827 746 hoc
860 710 1006 746 vitium
1037 705 1202 745 scurrile
1235 705 1453 744 delabitur.

246 770 254 784 ‘
270 769 466 816 Cenabo,’
501 771 650 821 inquit,
689 768 697 782 ⁴
714 767 825 819 apud
863 766 935 814 te‚'
974 766 1069 805 huic
1103 766 1229 812 lusco,
1266 764 1455 804 familiari

243 844 351 876 meo,
371 830 416 868 C.
437 829 579 868 Sextio
598 842 608 875 3
650 828 659 842 ⁴
679 831 750 866 uni
769 830 879 866 enim
901 827 1036 866 locum
1062 839 1152 865 esse
1178 825 1326 865 video?
1379 826 1456 864 Est

243 890 320 929 hoc
340 890 520 936 scurrile,
542 895 586 928 et
605 888 716 941 quod
735 891 822 927 sine
843 901 966 926 causa
983 887 1188 926 lacessivit
1206 898 1217 932 ;
1251 891 1296 925 et
1314 891 1457 925 tamen

244 951 287 989 id
311 951 418 990 dixit
442 949 554 1002 quod
580 952 624 987 in
651 951 781 988 omnis
810 948 941 986 luscos
966 949 1233 992 conveniret;
1273 959 1336 992 ea,
1361 948 1458 998 quia

246 1011 450 1050 meditata
500 1015 703 1062 putantur
755 1021 858 1054 esse,
910 1010 1044 1046 minus
1094 1006 1294 1046 ridentur.
1350 1005 1458 1045 Illud

248 1074 462 1124 egregium
496 1069 641 1116 Sextii,
671 1074 716 1108 et
754 1082 806 1107 ex
839 1074 1058 1120 tempore:
1122 1066 1301 1105 ‘Manus
1337 1065 1458 1112 lava,'

248 1134 396 1183 inquit,
417 1131 425 1144 ‘
445 1137 488 1169 et
507 1129 638 1169 eena.'

164 1198 229 1231 247
299 1191 510 1242 Temporis
539 1192 665 1242 igitur
694 1192 813 1235 ratio,
839 1194 882 1226 et
910 1190 1035 1239 ipsius
1065 1187 1293 1226 dicacitatis
1318 1186 1460 1226 mode-

248 1254 352 1290 ratio
380 1256 425 1289 et
451 1252 729 1300 temperantia
755 1254 800 1287 et
827 1250 972 1286 raritas
1001 1247 1204 1286 dictorum
1229 1246 1459 1299 distinguet

250 1317 455 1350 oratorem
481 1323 505 1347 a
530 1322 680 1354 scurra,
707 1314 751 1347 et
776 1307 887 1360 quod
912 1320 985 1346 nos
1010 1320 1103 1345 cum
1128 1319 1251 1345 causa
1275 1305 1460 1352 dicimus,

250 1385 332 1410 non
354 1376 401 1409 ut
422 1369 580 1408 ridiculi
602 1369 827 1414 videamur,
849 1367 923 1406 sed
944 1372 992 1405 ut
1013 1366 1270 1418 proficiamus
1292 1365 1460 1418 aliquid,

250 1432 307 1469 illi
322 1436 458 1470 totum
474 1429 584 1468 diem
600 1434 644 1468 et
658 1432 746 1467 sine
761 1441 895 1467 causa.
952 1426 1062 1475 Quid
1077 1429 1187 1465 enim
1203 1431 1267 1465 est
1281 1425 1461 1478 Vargula

252 1496 477 1535 assecutus,
495 1503 589 1528 cum
616 1502 710 1527 eum
737 1487 980 1526 candidatus
1006 1487 1057 1525 A.
1082 1485 1344 1538 Sempronius
1367 1498 1461 1524 cum

254 1551 396 1589 Marco
427 1563 500 1587 suo
531 1548 659 1587 fratre
697 1547 934 1598 complexus
970 1551 1107 1585 esset:
1158 1545 1167 1560 ‘
1187 1545 1308 1592 Puer,
1339 1545 1461 1598 abige

251 1623 410 1649 muscas
429 1610 444 1647 ?
464 1609 473 1623 '
529 1609 670 1647 Risum
694 1610 910 1660 quaesivit,
930 1609 1000 1658 qui
1025 1611 1102 1652 est,
1121 1619 1216 1644 mea
1238 1608 1461 1652 sententia,

253 1671 318 1709 vel
346 1671 608 1709 tenuissimus
637 1670 791 1720 ingenii
819 1666 988 1705 fructus.
1043 1665 1223 1717 Tempus
1250 1667 1377 1718 igitur
1404 1664 1464 1704 di·

301 1778 317 1794 ⁰
342 1772 568 1815 Apparently
599 1782 622 1805 a
653 1771 831 1804 reflection
863 1780 961 1812 upon
997 1769 1053 1802 the
1084 1768 1302 1803 sels-invitet!
1381 1768 1465 1802 est's

255 1817 373 1861 probit
400 1841 408 1850 .
471 1816 648 1857 Compare
679 1814 738 1848 the
770 1813 920 1856 English
952 1812 1045 1855 legal
1074 1813 1231 1845 maxim:
1278 1811 1287 1826 ‘
1341 1822 1362 1845 e
1386 1811 1465 1846 that

254 1863 372 1895 comet
412 1862 450 1893 to
468 1859 605 1902 Equity
623 1861 718 1891 must
734 1868 836 1891 come
854 1857 938 1890 with
955 1856 1055 1889 clean
1074 1855 1214 1889 hands.’

304 1905 318 1924 ⁶
346 1903 473 1938 Musca
491 1914 564 1936 was
585 1914 607 1936 a
628 1913 827 1945 cognomen
851 1901 893 1934 of
915 1900 975 1934 the
989 1910 1078 1942 gens
1101 1899 1325 1942 Sempronia,
1341 1897 1414 1933 and
1438 1899 1467 1932 is

256 1948 332 1982 also
358 1947 468 1981 Latin
495 1948 550 1980 for
573 1947 716 1980 various
741 1943 883 1988 winged
910 1945 1049 1977 insects.
1099 1942 1175 1976 Var
1203 1942 1263 1976 ula
1291 1952 1405 1976 seems
1429 1945 1468 1976 ω

258 1992 351 2026 have
373 1990 542 2024 intended
567 2001 589 2023 a
610 1989 726 2023 subtle
750 1989 977 2031 comparison
999 1987 1157 2020 between
1207 1987 1372 2030 umming
1394 1985 1468 2020 and

258 2035 377 2079 biting
395 2037 522 2069 insects
539 2033 610 2067 and
626 2033 829 2075 chattering
843 2031 915 2065 and
932 2032 1110 2074 irritating
1127 2040 1344 2065 canvassers.

259 2091 335 2127 880
