1560 2294
755 124 961 164 CICERO

251 231 515 281 gravissimae
538 235 665 281 atque
686 228 947 280 plenissimae
976 241 1084 281 quae
1111 227 1307 280 plurimos
1327 230 1464 268 exitus

252 300 355 339 dant
373 300 426 339 ad
445 300 644 339 eiusmodi
662 300 972 352 digressionem,
989 305 1038 338 ut
1064 301 1122 338 eis
1147 299 1244 338 locis
1262 302 1324 339 uti
1339 298 1464 338 liceat

253 371 401 423 quibus
429 374 657 410 animorum
690 373 870 422 impetus
907 384 1049 409 eorum
1083 372 1153 422 qui
1191 370 1365 409 audiunt
1391 375 1465 409 aut

170 441 236 474 313
254 442 519 494 impellantur
547 447 621 480 aut
648 441 927 480 reflectantur.
983 441 1125 493 Atque
1162 443 1290 479 etiam
1321 443 1365 479 in
1395 439 1464 479 illo

254 512 511 564 reprehendo
551 526 619 551 eos
658 515 729 564 qui
767 525 874 564 quae
917 514 1086 550 minime
1131 511 1247 550 firma
1283 516 1381 550 sunt
1414 523 1465 550 ea

255 586 387 636 prima
405 583 606 622 collocant
624 596 634 629 ;
667 586 711 621 in
737 596 818 635 quo
843 582 931 621 illos
951 595 1116 634 quoque
1137 595 1272 621 errare
1292 582 1465 621 arbitror

257 657 340 707 qui,
349 657 382 693 si
394 654 656 707 quando—id
668 654 780 706 quod
790 653 890 692 mihi
903 667 1114 705 nunquam
1121 652 1466 705 placuit—plures

257 725 457 765 adhibent
487 731 696 777 patronos,
729 730 777 763 ut
807 727 850 763 in
882 737 1047 777 quoque
1080 738 1222 763 eorum
1252 726 1466 763 minimum

255 802 407 849 putant
424 810 527 842 esse,
542 799 603 834 ita
619 809 715 834 eum
729 798 907 847 primum
923 795 1066 834 volunt
1081 795 1217 834 dicere
1237 809 1248 834 ι
1275 808 1341 834 res
1357 797 1467 833 enim

256 867 334 906 hoc
370 867 567 919 postulat,
598 873 645 905 ut
680 880 822 905 eorum
856 869 1157 918 exspectationi
1190 869 1261 918 qui
1293 866 1468 904 audiunt

257 952 383 991 quam
399 938 611 977 celerrime
629 943 909 984 succurratur3
940 940 1005 976 cui
1022 940 1055 975 si
1076 939 1194 976 initio
1211 935 1467 976 satisfactum

257 1024 340 1048 non
362 1012 430 1055 sit,
452 1009 583 1047 multo
605 1008 696 1060 plus
720 1012 774 1048 sit
795 1011 838 1047 in
859 1008 1018 1060 reliqua
1040 1022 1163 1047 causa
1183 1007 1468 1054 laborandum,

257 1081 365 1119 male
398 1083 508 1119 enim
539 1093 583 1118 se
614 1093 679 1118 res
713 1079 842 1118 habet
881 1092 989 1131 quae
1022 1093 1104 1118 non
1137 1082 1280 1118 statim
1310 1084 1359 1117 ut
1389 1078 1468 1117 dici

174 1154 241 1187 314
258 1158 407 1203 coepta
434 1156 499 1190 est
523 1150 668 1189 melior
691 1151 779 1190 fieri
805 1151 980 1189 videtur.
1035 1150 1146 1202 Ergo
1169 1156 1217 1189 ut
1244 1152 1287 1188 in
1306 1155 1467 1188 oratore

259 1225 438 1275 optimus
466 1224 654 1274 quisque,
675 1224 731 1260 sic
757 1224 800 1260 in
826 1223 1011 1260 oratione
1040 1221 1314 1260 firmissimum
1340 1219 1468 1272 quod·-

260 1307 341 1345 que
361 1295 415 1331 sit
440 1295 632 1344 primum,
651 1292 751 1331 dum
779 1292 879 1331 illud
907 1297 1050 1330 tamen
1078 1294 1121 1330 in
1147 1297 1323 1343 utroque
1352 1296 1468 1330 tene-

261 1370 368 1410 atur,
410 1369 458 1402 ut
504 1377 554 1402 ea
595 1377 702 1415 quae
746 1362 951 1402 excellent
993 1368 1208 1401 serventur
1247 1364 1375 1401 etiam
1416 1361 1470 1400 ad

260 1434 535 1487 perorandum
564 1437 597 1472 si
626 1447 733 1486 quae
764 1440 886 1472 erunt
917 1433 1288 1472 mediocria—nam
1315 1435 1469 1472 vitiosis

262 1519 464 1557 nusquam
500 1518 589 1544 esse
625 1510 791 1556 oportet
825 1504 1055 1543 locum—in
1090 1504 1270 1543 mediam
1304 1504 1470 1542 turbam

178 1580 243 1614 315
263 1582 389 1628 atque
409 1579 450 1614 in
470 1590 642 1628 gregem
666 1578 929 1614 coniciantur.
986 1575 1110 1614 Hisce
1134 1575 1321 1614 omnibus
1347 1575 1469 1614 rebus

262 1647 527 1686 consideratis
548 1653 638 1685 tum
656 1647 834 1698 denique
858 1646 900 1684 id
926 1646 1037 1698 quod
1059 1648 1236 1697 primum
1254 1651 1318 1684 est
1334 1645 1471 1684 dicen-

262 1718 361 1756 dum
394 1723 648 1768 postremum
675 1717 785 1755 soleo
811 1720 1008 1769 cogitare,
1035 1730 1116 1768 quo
1149 1721 1243 1755 utar
1276 1716 1472 1763 exordio;

264 1801 359 1827 nam
375 1790 407 1826 si
427 1789 591 1840 quando
604 1789 646 1827 id
661 1791 838 1839 primum
858 1790 1039 1826 invenire
1060 1786 1182 1832 volui,
1197 1786 1354 1826 nullum
1372 1786 1470 1826 mihi

263 1861 438 1897 occurrit
463 1862 539 1898 nisi
569 1865 642 1898 aut
671 1858 777 1897 exile
809 1864 882 1897 aut
911 1860 1174 1911 nugatorium
1203 1863 1277 1896 aut
1304 1857 1471 1910 vulgare

264 1936 336 1968 aut
362 1943 590 1968 commune.
649 1929 881 1968 LXXVIII.
912 1929 1114 1980 Principia
1141 1934 1282 1967 autem
1310 1928 1471 1967 dicendi

263 2013 425 2052 semper
445 2014 537 2039 cum
558 2006 749 2039 accurata
770 2006 813 2038 et
834 2005 955 2038 acuta
970 2005 1014 2038 et
1028 2002 1229 2038 instructa
1242 2001 1472 2046 sententiis,

262 2091 339 2126 436
