1560 2294
766 79 970 118 CICERO

262 186 324 223 ius
345 197 477 229 suum,
498 197 579 235 quo
598 185 732 221 minus
754 185 792 221 ei
811 183 934 221 liceat
955 182 1101 221 eadem
1120 182 1190 221 illa
1207 181 1408 222 facultate
1427 187 1473 222 et

199 274 239 308 71
261 264 378 313 copia
407 264 560 313 vagari,
584 275 666 313 qua
695 261 806 299 velit.
863 260 1053 312 Namque
1078 260 1189 312 quod
1216 260 1330 307 illud,
1353 260 1472 300 Scae-

261 339 364 385 vola,
395 342 557 391 negasti
587 344 631 377 te
661 338 787 377 fuisse
817 339 1012 384 laturum,
1041 341 1119 377 nisi
1147 341 1190 377 in
1219 352 1313 377 meo
1343 352 1472 391 regno

261 431 385 463 esseS,
409 417 520 469 quod
542 420 584 455 in
608 420 719 455 omni
742 430 896 469 genere
920 419 1131 463 sermonis,
1153 419 1197 455 in
1219 420 1330 455 omni
1352 423 1471 469 parte

260 495 528 534 humanitatis
544 495 717 534 dixerim
732 500 938 534 oratorem
952 494 1184 547 perfectum
1199 509 1287 535 esse
1303 495 1471 542 debere,

261 588 471 626 nunquam
494 573 729 612 mehercule
752 572 830 612 hoc
853 573 1047 619 dicerem,
1067 576 1100 612 si
1125 586 1234 620 eum,
1254 587 1379 626 quem
1398 574 1471 612 fin-

198 674 240 705 72
259 666 326 705 go,
342 666 408 691 me
429 655 563 704 ipsum
582 665 670 690 esse
687 653 920 691 arbitrarer.
970 651 1066 698 Sed,
1081 657 1129 691 ut
1148 652 1308 691 solebat
1326 652 1372 691 C.
1390 652 1471 691 Lu-

260 731 372 770 cilius
393 745 517 783 saepe
537 731 688 777 dicere,
707 730 830 769 homo
850 731 926 769 tibi
946 731 1166 777 subiratus,
1181 730 1281 769 mihi
1301 737 1471 783 propter

260 823 352 848 eam
378 813 509 861 ipsam
532 823 697 848 causam
719 812 868 856 minus,
892 823 1017 862 quam
1040 809 1220 856 volebat,
1242 808 1466 856 familiaris,

260 889 333 927 sed
353 894 495 927 tamen
515 894 559 927 et
579 888 738 935 doctus,
760 893 804 927 et
822 889 1092 940 perurbanus,
1108 891 1164 927 sic
1179 891 1327 935 sentio,
1342 891 1470 927 nemi-

259 981 355 1006 nem
384 981 473 1005 esse
499 970 542 1005 in
568 973 777 1006 oratorum
803 980 974 1006 numero
1004 966 1256 1013 habendum,
1287 969 1356 1019 qui
1387 981 1470 1006 non

262 1048 316 1084 sit
335 1047 523 1084 omnibus
539 1048 597 1084 eis
614 1046 784 1092 artibus,
804 1059 911 1098 quae
931 1050 1028 1084 sunt
1047 1045 1175 1084 libero
1195 1045 1359 1098 dignae,
1379 1059 1470 1097 per-

259 1125 409 1176 politus
429 1137 438 1170 ;
480 1125 627 1176 quibus
666 1127 777 1176 ipsis,
817 1126 851 1162 si
889 1127 932 1162 in
969 1124 1143 1162 dicendo
1181 1137 1262 1162 non
1301 1126 1469 1171 utimur,

259 1209 401 1242 tamen
439 1208 614 1254 apparet
651 1208 778 1255 atque
813 1208 966 1249 exstat,
994 1208 1134 1241 utrum
1164 1205 1289 1241 simus
1328 1216 1468 1242 earum

198 1289 240 1322 73
259 1282 395 1328 rudes,
431 1296 483 1320 an
521 1282 795 1320 didicerimus.
852 1282 926 1328 Ut,
961 1284 1031 1334 qui
1064 1281 1148 1333 pila
1190 1281 1353 1328 ludunt,
1387 1295 1468 1320 non

259 1366 432 1400 utuntur
460 1364 502 1399 in
530 1364 620 1412 ipsa
647 1361 804 1399 lusione
834 1360 1004 1399 artificio
1031 1363 1195 1412 proprio
1223 1360 1470 1412 palaestrae,

259 1440 332 1478 sed
358 1440 512 1478 indicat
538 1442 625 1491 ipse
651 1444 802 1485 motus,
829 1438 1100 1478 didicerintne
1126 1438 1389 1490 palaestram,
1415 1453 1468 1477 an

259 1521 474 1564 nesciant3
515 1523 560 1556 et
585 1520 655 1570 qui
682 1517 837 1569 aliquid
863 1517 1038 1569 fingunt,
1065 1522 1110 1556 et
1135 1519 1168 1556 si
1194 1522 1284 1555 tum
1308 1520 1469 1568 pictura

258 1596 357 1634 nihil
400 1601 588 1642 utuntur,
631 1601 787 1642 tamen,
831 1601 969 1634 utrum
1013 1598 1144 1634 sciant
1185 1597 1371 1647 pingere,
1414 1609 1467 1634 an

258 1677 456 1720 nesciant,
478 1687 560 1712 non
581 1674 797 1712 obscurum
820 1680 883 1712 est
902 1688 911 1712 z
947 1676 1003 1712 sic
1023 1676 1065 1711 in
1086 1674 1336 1712 orationibus
1357 1673 1468 1712 hisce

259 1756 353 1804 ipsis
374 1753 628 1798 iudiciorum,
646 1755 900 1798 concionum,
918 1751 1108 1797 Senatus,
1127 1754 1287 1790 etiamsi
1304 1755 1466 1804 proprie

257 1837 421 1870 ceterae
437 1844 517 1869 non
533 1830 780 1869 adhibentur
795 1836 918 1876 artes,
933 1836 1074 1868 tamen
1088 1829 1207 1868 facile
1221 1829 1466 1877 declaratur,

260 1915 397 1948 utrum
416 1912 464 1954 is,
483 1912 552 1961 qui
571 1910 696 1955 dicat,
714 1909 1002 1948 tantummodo
1021 1911 1062 1946 in
1082 1908 1158 1947 hoc
1176 1908 1467 1948 declamatorio

260 2037 309 2071 52
