1560 2294
745 108 949 148 CICERO

241 211 409 264 quidem
421 214 464 250 in
477 215 607 251 causis
621 213 824 260 omnibus,
838 215 943 252 sicut
955 215 999 252 in
1010 216 1099 265 ipsa
1114 213 1190 252 Μ’.
1204 212 1329 261 Curii,
1342 226 1450 266 quae

240 283 313 321 abs
332 288 377 322 te
396 297 528 335 nuper
548 289 612 323 est
632 283 757 331 dicta,
777 290 822 323 et
839 287 883 323 in
905 284 950 323 C.
968 284 1133 324 Hostilii
1154 284 1337 323 Mancini
1355 298 1449 324 con-

238 357 450 401 troversia,
470 361 597 407 atque
616 357 659 393 in
678 369 727 394 eo
745 369 888 407 puero,
908 358 978 408 qui
998 369 1050 395 ex
1069 356 1200 395 altera
1218 362 1340 395 natus
1359 361 1450 395 erat

239 438 381 472 uxore,
398 440 480 464 non
496 429 665 465 remisso
682 430 827 466 nuntio
843 430 1055 479 superiori,
1070 427 1151 466 fuit
1165 430 1276 466 inter
1290 430 1451 479 peritis-

155 503 222 538 239
240 499 362 535 simos
396 496 582 536 homines
617 511 777 536 summa
811 499 863 537 de
897 501 985 537 iure
1020 499 1229 538 dissensio.
1285 498 1450 547 Quaero

240 570 381 620 igitur,
415 569 515 620 quid
547 569 751 608 adiuverit
783 575 990 609 oratorem
1021 573 1064 608 in
1095 569 1158 609 his
1190 573 1321 609 causis
1353 572 1449 608 iuris

241 642 426 686 scientia,
450 654 543 679 cum
571 639 637 679 hic
665 641 971 680 iurisconsultus
1002 644 1186 693 superior
1215 640 1341 680 fuerit
1371 640 1452 680 dis-

241 724 440 758 cessurus,
465 714 536 764 qui
560 718 671 751 esset
694 726 777 751 non
800 726 873 751 suo
898 713 1082 759 artificio,
1106 712 1180 752 sed
1204 712 1350 759 alieno,
1373 711 1451 751 hoc

242 788 320 829 est,
339 796 423 821 non
441 785 537 822 iuris
557 786 743 830 scientia,
762 783 837 822 sed
856 784 1107 837 eloquentia,
1126 789 1396 823 sustentatus.

292 854 499 906 Equidem
531 854 608 894 hoc
641 868 766 907 saepe
800 855 950 902 audivi,
983 869 1077 894 curn
1115 855 1371 895 aedilitatem
1403 853 1450 895 P.

241 925 409 964 Crassus
424 932 604 978 peteret,
617 940 795 979 eumque
808 930 937 966 maior
948 933 1064 973 natu,
1078 929 1205 966 etiam
1217 927 1452 973 consularis,

240 996 325 1036 Ser.
350 997 483 1036 Galba
504 1003 792 1045 assectaretur,
814 999 925 1051 quod
947 998 1081 1037 Crassi
1103 998 1228 1038 filiam
1247 998 1351 1038 Gaio
1370 997 1451 1036 filio

240 1082 313 1107 suo
341 1069 642 1121 despondisset,
671 1072 887 1108 accessisse
915 1070 969 1109 ad
996 1070 1187 1110 Crassum
1214 1069 1450 1109 consulendi

240 1153 363 1178 causa
383 1140 606 1192 quemdam
624 1143 877 1180 rusticanum
893 1155 901 1180 :
926 1144 996 1193 qui
1017 1155 1110 1180 cum
1125 1141 1316 1180 Crassum
1331 1141 1451 1180 sedu-

242 1213 382 1258 xisset,
399 1217 526 1263 atque
542 1211 596 1251 ad
615 1225 711 1251 eum
725 1212 970 1259 rettulisset,
985 1225 1308 1265 responsumque
1329 1213 1382 1251 ab
1401 1225 1451 1251 eo

242 1296 383 1322 verum
397 1286 543 1336 magis,
556 1297 681 1336 quam
694 1283 748 1323 ad
762 1297 879 1322 suam
891 1297 979 1323 rem
992 1284 1346 1323 accommodatum
1361 1283 1452 1322 abs-

240 1354 428 1401 tulisset3
458 1360 505 1394 ut
525 1368 621 1394 eum
639 1357 803 1394 tristem
832 1355 966 1394 Galba
984 1355 1101 1402 vidit,
1120 1358 1285 1394 nomine
1312 1354 1451 1407 appel-

240 1426 354 1472 lavit,
370 1429 670 1479 quaesivitque,
689 1440 772 1479 qua
791 1426 843 1466 de
862 1440 908 1466 re
927 1427 981 1466 ad
1000 1426 1190 1466 Crassum
1208 1426 1450 1466 rettulisset.

157 1508 225 1542 240
241 1497 305 1536 Ex
325 1511 407 1549 quo
427 1503 475 1537 ut
494 1498 665 1544 audivit,
685 1504 1019 1551 commotumque
1039 1504 1088 1538 ut
1107 1498 1210 1537 vidit
1227 1497 1450 1545 hominem,

241 1569 250 1583 ‘
266 1568 500 1620 Suspenso,’
519 1572 669 1622 inquit,
690 1569 699 1584 ‘
716 1572 852 1609 animo
878 1575 922 1609 et
945 1575 1145 1621 occupato
1164 1569 1354 1608 Crassum
1374 1569 1449 1608 tibi

239 1640 497 1692 respondisse
510 1641 629 1680 video
649 1640 658 1655 ’
674 1655 683 1680 ι
709 1640 860 1680 deinde
872 1643 1007 1693 ipsum
1020 1641 1211 1680 Crassum
1222 1654 1347 1679 manu
1358 1653 1450 1692 pre-

240 1710 399 1758 hendit,
424 1717 481 1759 et,
505 1711 514 1726 ‘
530 1712 646 1751 Heus
673 1712 751 1759 tu,'
769 1715 918 1764 inquit,
937 1712 947 1727 ‘
963 1712 1062 1765 quid
1089 1712 1166 1751 tibi
1192 1714 1235 1750 in
1263 1717 1449 1750 mentem

240 1785 354 1822 venit
365 1786 425 1822 ita
437 1783 712 1835 respondere?
725 1783 734 1797 ’
762 1783 868 1822 Tum
880 1783 947 1822 ille
962 1782 1282 1830 fidenter‚homo
1289 1785 1450 1836 peritis-

239 1857 379 1900 simus,
394 1855 648 1901 confirmare,
662 1858 723 1894 ita
737 1868 781 1894 se
796 1868 884 1893 rem
898 1854 1066 1901 habere,
1080 1860 1130 1894 ut
1143 1854 1421 1906 respondisset
1438 1869 1450 1900 ;

241 1939 317 1964 nec
333 1924 504 1965 dubium
521 1939 610 1965 esse
626 1939 758 1978 posse.
815 1926 948 1965 Galba
965 1931 1106 1964 autem
1123 1925 1308 1964 alludens
1324 1927 1449 1971 varie,

241 2002 286 2036 et
303 1999 479 2049 copiose,
496 1997 647 2036 multas
665 1997 951 2037 similitudines
969 1996 1128 2044 afferre,
1144 1996 1359 2049 multaque
1374 2008 1450 2049 pro

244 2072 318 2108 172
