1560 2294
761 86 965 126 CICERO

260 192 331 241 qui
349 192 392 228 in
410 189 556 228 harum
576 193 726 229 artium
746 191 890 230 studiis
909 191 1199 230 liberalissimis
1218 194 1301 231 sint
1319 191 1468 231 doctri-

260 252 405 300 nisque
413 251 796 295 versati,minimam
806 252 965 301 copiam
977 255 1194 300 poetarum
1205 255 1249 288 et
1260 255 1466 289 oratorum

261 309 521 359 egregiorum
542 310 765 354 exstitisse,
787 313 913 360 atque
938 310 982 346 in
1006 307 1083 346 hoc
1107 310 1196 360 ipso
1215 321 1400 355 numero,
1424 311 1468 347 in

260 379 341 417 quo
355 378 522 417 perraro
538 368 720 404 exoritur
735 365 879 417 aliquis
895 365 1114 412 excellens,
1129 368 1163 404 si
1177 365 1411 418 diligenter,
1423 371 1468 406 et

262 437 314 462 ex
326 429 571 470 nostrorum,
584 429 628 463 et
640 437 692 462 ex
705 423 956 462 Graecorum
967 426 1084 475 copia
1095 437 1332 476 comparare
1343 424 1468 471 voles,

259 482 391 521 multo
416 488 560 521 tamen
584 484 796 534 pauciores
823 487 1019 528 oratores,
1046 495 1171 534 quam
1195 488 1346 534 poetae
1372 483 1469 522 boni

200 550 242 584 12
259 543 530 592 reperientur.
580 540 702 589 Quod
715 540 793 579 hoc
808 543 935 579 etiam
947 540 1170 579 mirabilius
1185 541 1314 580 debet
1327 540 1470 588 videri,

260 602 357 651 quia
383 604 615 638 ceterarum
642 601 793 637 artium
819 598 957 637 studia
981 597 1070 637 fere
1096 599 1316 638 reconditis
1342 605 1468 652 atque

261 657 411 696 abditis
434 671 457 696 e
478 656 662 696 fontibus
683 656 928 695 hauriuntur
946 669 956 703 3
993 656 1155 696 dicendi
1177 663 1319 696 autem
1339 661 1470 698 omnis

259 719 365 755 ratio
381 718 425 754 in
440 715 577 754 medio
594 718 743 767 posita,
759 717 966 754 communi
982 715 1162 767 quodam
1177 718 1220 754 in
1236 729 1327 763 usu,
1344 721 1470 768 atque

260 778 303 813 in
320 774 532 813 hominum
549 787 663 812 more
683 779 727 812 et
745 786 932 812 sermone
952 779 1137 812 versatur
1155 787 1165 812 ι
1197 779 1246 813 ut
1262 775 1306 812 in
1322 777 1470 814 ceteris

260 833 303 872 id
328 835 508 871 maxime
535 832 726 878 excellat,
753 832 864 884 quod
888 832 1124 884 longissime
1150 835 1204 871 sit
1230 833 1283 871 ab
1307 835 1471 884 imperi-

260 897 397 931 torum
416 891 704 943 intellegentia
723 904 929 942 sensuque
951 891 1214 937 disiunctum,
1233 893 1276 929 in
1298 890 1471 930 dicendo

262 956 404 988 autem
438 952 584 988 vitium
618 948 684 987 vel
719 951 946 987 maximum
980 951 1034 987 sit
1069 962 1094 987 a
1127 949 1285 1001 vulgari
1317 962 1471 1002 genere

261 1010 470 1054 orationis,
507 1013 634 1059 atque
669 1020 695 1045 a
728 1007 1026 1046 consuetudine
1060 1009 1286 1046 communis
1329 1019 1472 1046 sensus

263 1066 495 1106 abhorrere.

202 1136 244 1170 13
314 1125 384 1163 IV.
414 1125 476 1163 Ac
492 1137 546 1163 ne
563 1124 664 1162 illud
681 1123 848 1176 quidem
865 1136 962 1162 vere
979 1123 1059 1162 dici
1076 1128 1229 1174 potest,
1247 1128 1321 1162 aut
1336 1122 1473 1175 plures

261 1186 409 1223 ceteris
445 1183 601 1221 artibus
636 1184 845 1228 inservire,
881 1187 954 1220 aut
990 1183 1145 1220 maiore
1180 1181 1472 1228 delectatione,

263 1248 336 1280 aut
373 1255 446 1293 spe
485 1241 687 1286 uberiore,
727 1245 800 1279 aut
836 1242 1028 1292 praemiis
1068 1239 1121 1278 ad
1157 1239 1472 1291 perdiscendum

264 1300 526 1352 amplioribus
557 1301 816 1338 commoveri.
871 1298 1013 1350 Atque
1045 1303 1093 1336 ut
1123 1300 1314 1337 omittam
1346 1297 1473 1338 Grae-

263 1362 382 1405 ciam,
403 1371 510 1410 quae
536 1370 699 1409 semper
725 1357 987 1409 eloquentiae
1006 1359 1195 1408 princeps
1222 1369 1311 1395 esse
1331 1356 1473 1403 voluit,

264 1423 391 1470 atque
405 1417 494 1456 illas
513 1419 696 1456 omnium
716 1415 992 1454 doctrinarum
1007 1417 1253 1454 inventrices
1272 1414 1474 1461 Athenas,

262 1479 306 1515 in
331 1477 478 1528 quibus
504 1488 664 1514 summa
689 1473 852 1513 dicendi
877 1475 935 1512 vis
962 1478 1006 1511 et
1030 1475 1200 1512 inventa
1225 1478 1290 1512 est
1314 1479 1359 1512 et
1382 1487 1474 1526 per-

262 1534 402 1574 fecta:
445 1537 488 1572 in
516 1533 594 1572 hac
622 1535 711 1584 ipsa
740 1534 908 1571 civitate
936 1530 1123 1583 profecto
1152 1531 1264 1570 nulla
1291 1545 1474 1584 unquam

266 1592 565 1638 vehementius,
584 1604 708 1643 quam
729 1590 991 1642 eloquentiae
1011 1589 1149 1628 studia
1167 1592 1400 1641 viguerunt.

204 1659 245 1692 14
316 1650 423 1688 Nam
448 1655 734 1702 posteaquam,
760 1650 931 1699 imperio
959 1649 1141 1686 omnium
1167 1649 1355 1699 gentium
1380 1660 1474 1686 con-

265 1712 426 1755 stituto,
460 1708 709 1747 diuturnitas
742 1709 853 1758 pacis
887 1708 1017 1744 otium
1050 1705 1318 1751 confirmavit,
1351 1719 1472 1744 nemo

264 1767 352 1806 fere
373 1766 505 1805 laudis
527 1765 698 1817 cupidus
721 1764 956 1803 adolescens
979 1777 1061 1802 non
1082 1763 1158 1802 sibi
1181 1763 1234 1802 ad
1255 1763 1473 1803 dicendum

310 1895 423 1929 “The
440 1893 646 1928 traditional
661 1893 811 1936 reading
827 1894 932 1926 omits
947 1892 1007 1926 the
1023 1891 1137 1925 words
1153 1895 1184 1925 et
1201 1895 1392 1931 oratorum,
1410 1892 1474 1926 but

268 1941 358 1974 their
377 1940 545 1973 insertion
561 1947 675 1971 seems
691 1939 938 2015 necessat-m
945 1936 1005 1970 the
1020 1946 1131 1975 sense,
1147 1935 1245 1970 and
1236 1946 1265 1970 is
1280 1934 1472 1980 supported

267 1984 317 2027 by
332 1982 378 2018 Ο.
395 1983 528 2023 Hense,
544 1980 768 2022 Hamecker,
784 1980 854 2017 Wil
952 1979 1026 2014 and
1041 1979 1156 2023 Stang

269 2054 318 2089 10
