1560 2294
750 110 954 150 CICERO

247 226 337 252 esse
358 212 547 251 videatur
566 227 575 252 ε
611 213 709 252 licet
729 215 809 252 ista
830 216 990 252 ratione
1013 213 1209 261 dicamus,
1229 214 1314 266 pila
1333 215 1457 262 bene,

247 272 291 306 et
327 267 557 306 Duodecim
593 266 761 319 Scriptis
798 268 955 314 ludere,
990 271 1199 320 proprium
1235 282 1324 308 esse
1359 272 1456 308 iuris

244 322 384 368 civilis,
409 324 603 374 quoniam
626 327 849 373 utrumque
875 336 1016 361 eorum
1040 322 1085 361 P.
1113 323 1276 363 Mucius
1299 327 1456 376 optime

244 375 415 422 feeerit3
445 376 675 428 eademque
694 379 854 415 ratione
875 377 1077 423 dicantur,
1093 383 1138 416 et
1152 391 1253 429 quos
1270 378 1457 428 φυσικοὺς

245 430 394 469 Graeci
408 434 637 477 nominant,
651 431 786 470 eidem
800 437 966 482 poetae,
979 434 1173 483 quoniam
1185 432 1456 484 Empedocles

244 485 436 537 physicus
459 489 672 538 egregium
693 499 842 537 poema
863 485 1021 524 fecerit.
1076 487 1136 526 At
1156 486 1234 526 hoc
1254 500 1307 526 ne
1327 487 1457 539 philo-

244 539 360 591 sophi
381 540 549 592 quidem
567 543 658 591 ipsi,
679 543 748 592 qui
768 543 918 586 omnia,
938 543 1044 579 sicut
1062 544 1240 593 propria,
1258 555 1333 580 sua
1352 555 1456 589 esse,

245 600 372 646 atque
410 608 435 632 a
471 608 515 633 se
551 595 749 646 possideri
786 595 942 641 volunt,
979 595 1116 634 dicere
1153 596 1324 642 audent,
1359 609 1457 649 geo-

245 651 451 695 metriam,
477 654 551 687 aut
575 652 787 695 musicam,
812 648 1042 701 philosophi
1069 663 1172 696 esse,
1198 653 1295 702 quia
1320 649 1457 690 Plato-

245 717 342 742 nem
370 717 512 742 omnes
541 706 584 742 in
611 703 689 742 illis
719 704 875 742 artibus
903 707 1303 756 praestantissimum
1330 704 1456 744 fuisse

245 757 469 796 fateantur.

162 820 228 854 218
298 813 374 858 Ac,
396 815 429 850 si
452 816 534 850 iam
556 812 695 863 placet
716 825 859 850 omnes
883 818 993 851 artes
1016 816 1168 852 oratori
1191 814 1454 866 subiungere,

247 867 496 906 tolerabilius
515 872 593 912 est,
610 869 667 904 sic
682 869 820 918 potius
837 866 988 912 dicere,
1005 873 1067 913 ut,
1084 870 1278 919 quoniam
1294 868 1456 908 dicendi

245 921 418 960 facultas
456 935 539 959 non
574 921 728 959 debeat
763 934 852 959 esse
890 924 1027 960 ieiuna
1061 927 1188 974 atque
1222 922 1348 969 nuda,
1382 923 1456 962 sed

246 989 411 1027 aspersa
448 981 575 1027 atque
615 975 810 1014 distincta
846 976 1070 1014 multarum
1106 989 1243 1015 rerum
1278 978 1456 1016 iucunda

245 1030 424 1083 quadam
457 1033 674 1076 varietate,
707 1032 762 1068 sit
793 1030 890 1068 boni
922 1033 1094 1069 oratoris
1126 1031 1258 1070 multa
1290 1032 1455 1071 auribus

245 1088 464 1136 accepisse,
484 1084 616 1122 multa
635 1084 798 1130 vidisse,
817 1084 950 1123 multa
969 1087 1105 1123 animo
1126 1091 1170 1124 et
1189 1089 1455 1138 cogitatione,

243 1140 376 1178 multa
397 1142 525 1177 etiam
545 1138 722 1190 legendo
743 1141 990 1190 percurrisse
1009 1151 1019 1185 ;
1055 1152 1191 1191 neque
1214 1153 1278 1186 ea,
1299 1146 1347 1179 ut
1367 1154 1455 1188 sua,

243 1193 502 1246 possedisse;
549 1193 637 1239 sed,
670 1198 718 1231 ut
751 1193 898 1239 aliena,
930 1193 1091 1232 libasse.
1148 1194 1299 1233 Fateor
1331 1198 1455 1242 enim,

245 1248 437 1287 callidum
463 1247 685 1298 quemdam
711 1246 834 1294 hunc,
861 1253 905 1286 et
930 1247 1042 1286 nulla
1066 1251 1110 1286 in
1133 1261 1179 1287 re
1205 1251 1382 1288 tironem
1407 1263 1455 1289 ac

245 1303 405 1348 rudem,
433 1315 511 1340 nec
538 1304 803 1354 peregrinum
831 1307 959 1354 atque
987 1301 1194 1354 hospitem
1221 1305 1264 1341 in
1293 1304 1454 1356 agendo

247 1371 336 1396 esse
355 1357 521 1395 debere.

161 1418 228 1453 219
299 1411 369 1450 LI.
399 1411 546 1463 Neque
579 1423 675 1449 vero
706 1413 795 1449 istis
828 1411 1050 1463 tragoediis
1083 1413 1179 1458 tuis,
1212 1412 1359 1464 quibus
1392 1416 1453 1452 uti

246 1465 475 1518 philosophi
502 1468 681 1503 maxime
717 1465 865 1511 solent,
894 1465 1052 1512 Crasse,
1080 1467 1312 1517 perturbor,
1343 1468 1454 1519 quod

245 1524 305 1560 ita
328 1521 482 1566 dixisti,
505 1522 714 1558 neminem
737 1533 856 1571 posse
881 1533 1023 1558 eorum
1045 1526 1222 1567 mentes,
1246 1523 1317 1573 qui
1340 1522 1453 1561 audi-

244 1581 352 1622 rent,
369 1580 442 1613 aut
455 1574 710 1614 inflammare
726 1574 914 1620 dicendo,
930 1580 1003 1613 aut
1018 1574 1292 1614 inflammatas
1307 1579 1453 1615 restin-

244 1643 386 1683 guere,
414 1643 508 1668 cum
542 1642 592 1668 eo
623 1631 803 1667 maxime
831 1631 889 1667 vis
923 1632 1093 1668 oratoris
1125 1630 1452 1683 magnitudoque

243 1690 449 1730 cernatur,
482 1686 558 1722 nisi
592 1686 662 1735 qui
694 1697 832 1722 rerum
864 1686 1047 1722 omnium
1079 1689 1285 1731 naturam,
1317 1699 1450 1725 mores

288 1803 304 1819 ⁰
329 1798 372 1832 In
395 1798 550 1832 Cicero's
570 1799 668 1838 time,
691 1798 764 1832 and
789 1798 897 1832 much
919 1798 1020 1837 later,
1039 1798 1121 1841 pila
1141 1809 1216 1833 was
1236 1809 1284 1832 no
1305 1797 1450 1833 definite

244 1854 362 1886 game,
375 1843 446 1894 ·but
467 1853 489 1875 a
505 1843 610 1876 series
626 1843 668 1876 of
686 1843 892 1885 gymnastic
907 1843 1077 1876 exercises
1093 1843 1149 1876 for
1164 1842 1225 1877 the
1245 1844 1448 1885 promotion

243 1885 650 1972 ofssggggianpgffssetzs
664 1885 1139 1972 iaxa‘hlkgffistd'ice-throwing,
1156 1929 1228 1963 and
1252 1929 1313 1963 the
1333 1940 1396 1963 use
1410 1930 1453 1963 of

243 1973 448 2016 differently
463 1972 630 2007 coloured
646 1976 812 2007 counters
827 1983 874 2006 on
890 1984 913 2006 a
927 1972 1059 2016 special
1076 1972 1203 2013 board,
1215 1972 1360 2007 divided
1373 1974 1449 2007 into

244 2028 368 2060 spaces
384 2017 435 2060 by
454 2018 495 2051 12
511 2016 671 2060 slanting
686 2016 787 2051 lines.

247 2074 320 2109 154
