1560 2294
743 74 949 115 CICERO

238 188 320 214 non
335 178 402 222 sit,
418 181 561 215 tamen
576 176 674 215 nihil
696 191 785 217 esse
800 177 988 230 perfecto
1007 185 1169 219 oratore
1189 180 1448 233 praeclarius.

239 251 360 299 Nam,
374 258 422 292 ut
438 266 558 292 usum
574 253 738 293 dicendi
755 257 960 303 omittam,
973 259 1044 309 qui
1059 259 1101 295 in
1118 260 1229 296 omni
1239 263 1390 310 pacata
1404 264 1448 299 et

237 328 365 368 libera
383 332 550 368 civitate
570 331 819 378 dominatur,
837 337 958 371 tanta
976 333 1199 373 oblectatio
1218 340 1283 374 est
1299 337 1343 374 in
1359 338 1448 388 ipsa

236 404 435 445 facultate
458 407 634 453 dicendi,
656 413 704 446 ut
725 408 825 446 nihil
845 408 1058 448 hominum
1080 416 1153 450 aut
1174 412 1353 459 auribus,
1374 418 1448 452 aut

172 489 218 524 34
235 484 443 522 mentibus
465 485 681 523 iucundius
700 488 855 537 percipi
872 489 1014 538 possit.
1070 486 1152 536 Qui
1175 490 1285 527 enim
1301 494 1446 529 cantus

233 559 449 599 moderata
485 563 672 600 oratione
705 562 860 601 dulcior
891 565 1065 602 inveniri
1096 565 1271 616 potest?
1325 564 1447 614 Quod

233 649 399 675 carmen
414 637 633 676 artificiosa
647 639 864 678 verborum
879 639 1136 679 conclusione
1152 642 1319 693 aptius?
1363 641 1445 691 Qui

234 718 348 751 actor
384 713 599 759 imitanda,
637 728 762 767 quam
799 722 937 755 orator
973 718 1232 769 suscipienda
1268 721 1444 760 veritate

231 790 446 829 iucundior
462 792 478 828 ?
533 789 645 838 Quid
665 797 806 831 autem
825 793 1029 840 subtilius,
1048 807 1174 847 quam
1193 800 1340 835 acutae
1359 809 1444 836 cre-

232 866 415 918 braeque
444 868 713 907 sententiae?
765 867 875 917 Quid
905 870 1197 918 admirabilius,
1226 885 1351 924 quam
1378 886 1443 912 res

231 942 448 994 splendore
473 943 678 983 illustrata
703 946 954 985 verborum?
995 947 1095 999 quid
1119 947 1294 1000 plenius,
1319 962 1443 1002 quam

231 1022 341 1058 omni
371 1033 509 1059 rerum
539 1034 693 1073 genere
724 1022 933 1061 cumulata
963 1024 1129 1063 oratio?
1183 1024 1330 1078 Neque
1361 1026 1444 1065 ulla

230 1110 312 1135 non
330 1099 494 1149 propria
513 1100 684 1137 oratoris
704 1104 768 1138 est
786 1112 866 1146 res,
885 1113 992 1152 quae
1013 1100 1181 1153 quidem
1199 1107 1344 1141 ornate
1363 1102 1441 1142 dici

229 1176 492 1226 graviterque
512 1174 652 1213 debet.

167 1260 212 1294 35
283 1250 355 1288 IX.
386 1250 519 1289 Huius
549 1256 613 1290 est
640 1253 683 1290 in
712 1251 849 1291 dando
882 1253 1048 1292 consilio
1076 1253 1129 1293 de
1158 1257 1347 1294 maximis
1378 1269 1443 1296 re·

230 1327 306 1365 bus
333 1340 427 1366 cum
450 1327 656 1380 dignitate
681 1328 887 1380 explicata
912 1333 1150 1377 sententia;
1188 1331 1374 1371 eiusdem
1397 1338 1442 1372 et

229 1403 464 1456 languentis
498 1404 639 1456 populi
672 1408 873 1452 incitatio,
903 1411 948 1445 et
981 1406 1169 1446 effrenati
1197 1408 1439 1448 moderatio.

229 1480 388 1519 Eadem
411 1479 611 1520 facultate
636 1487 680 1520 et
702 1481 813 1521 fraus
835 1482 1048 1523 hominum
1067 1484 1122 1523 ad
1139 1487 1377 1536 perniciem,
1396 1491 1441 1526 et

227 1559 445 1609 integritas
480 1558 533 1597 ad
567 1558 744 1597 salutem
779 1565 958 1598 vocatur.
1015 1559 1116 1609 Quis
1150 1560 1353 1601 cohortari
1386 1562 1440 1602 ad

228 1635 424 1672 virtutem
438 1634 662 1681 ardentius,
675 1638 765 1688 quis
779 1650 803 1674 a
815 1638 922 1675 vitiis
935 1639 1065 1675 acrius
1077 1651 1268 1677 revocare
1283 1638 1300 1677 ?
1337 1638 1438 1688 Quis

228 1713 462 1761 vituperare
499 1712 705 1763 improbos
744 1715 940 1764 asperiuS,
978 1716 1068 1765 quis
1106 1713 1274 1753 laudare
1311 1715 1439 1755 bonos

227 1787 441 1826 ornatius?
503 1787 604 1836 Quis
634 1788 906 1840 cupiditatem
935 1788 1220 1829 vehementius
1248 1789 1438 1844 frangere

228 1863 455 1902 accusando
493 1864 667 1915 potest?
721 1864 823 1914 Quis
860 1878 1089 1904 maerorem
1126 1866 1262 1907 levare
1298 1870 1438 1908 mitius

227 1939 473 1979 consolando
490 1940 508 1979 ἓ

227 2040 303 2075 222
