1560 2294
718 81 922 121 CICERO

213 186 404 232 audierit,
429 185 534 224 hanc
559 188 851 224 auctoritatem
875 187 1090 237 gravitatis
1116 190 1160 224 et
1184 186 1339 224 consilii
1362 189 1424 226 sui

214 249 407 288 vindicari
436 262 461 286 a
487 254 545 294 te,
574 248 733 294 Crasse,
762 247 873 299 quod
901 261 993 286 eam
1021 250 1192 286 oratoris
1218 251 1425 300 propriam

213 325 303 350 esse
325 311 436 350 dicas
456 324 464 349 z
501 313 597 356 iam,
619 310 756 356 credo,
778 309 858 348 huc
882 312 1035 356 veniat,
1057 315 1102 349 et
1121 309 1227 350 hanc
1247 310 1425 364 loquaci-

213 379 346 413 tatem
385 379 567 412 nostram
602 373 718 411 vultu
751 375 839 424 ipso
874 378 1128 425 aspectuque
1161 379 1425 415 conterreatx

213 439 298 489 qui,
315 449 552 488 quanquam
570 440 634 474 est
649 437 692 473 in
709 435 882 474 dicendo
899 437 1067 474 minime
1084 437 1425 485 contemnendus,

213 499 434 550 prudentia
473 504 616 537 tamen
655 511 792 536 rerum
832 511 1076 550 magnarum
1114 501 1261 551 magis,
1300 513 1424 551 quam

130 569 195 602 215
214 561 377 600 dicendi
398 566 502 607 arte,
523 563 681 599 nititur.
738 560 884 613 Neque
906 573 1016 607 vero,
1037 563 1071 599 si
1092 563 1182 613 quis
1203 567 1425 614 utrumque

214 629 368 675 potest,
403 629 476 662 aut
510 623 578 661 ille
613 623 767 662 consilii
801 623 953 674 publici
988 628 1144 670 auctor,
1179 637 1226 662 ac
1260 630 1427 663 senator

215 688 360 732 bonus,
390 687 443 725 ob
474 699 567 724 eam
596 688 728 737 ipsam
757 699 923 724 causam
952 691 1090 724 orator
1120 691 1213 732 est;
1258 692 1331 726 aut
1360 686 1426 726 hic

215 749 392 788 disertus
416 754 542 800 atque
567 748 777 800 eloquens,
799 751 833 786 si
856 753 920 786 est
942 748 1054 787 idem
1074 751 1118 786 in
1139 752 1425 800 procuratione

214 814 392 851 civitatis
420 814 624 864 egregius,
650 811 762 849 illam
789 813 1003 849 scientiam
1029 810 1192 850 dicendi
1218 814 1336 863 copia
1361 818 1426 852 est

214 880 470 913 consecutus.
528 873 711 912 Multum
724 876 833 912 inter
846 887 890 912 se
904 873 1062 912 distant
1073 876 1179 913 istae
1191 873 1427 922 facultates,

214 937 421 990 longeque
445 942 542 975 sunt
568 936 754 975 diversae
778 942 906 988 atque
931 939 1168 983 seiunctae;
1197 950 1333 990 neque
1359 951 1428 977 ea-

215 1001 312 1039 dem
337 1003 497 1039 ratione
527 1013 574 1038 ac
603 1002 668 1038 via
695 999 757 1037 M.
785 999 904 1046 Cato,
924 998 970 1038 P.
1000 998 1232 1046 Africanus,
1252 999 1303 1048 Q.
1335 1000 1427 1040 Me-

216 1063 353 1109 tellus,
383 1062 428 1101 C.
467 1062 645 1108 Laelius,
681 1064 751 1114 qui
789 1075 932 1100 omnes
967 1062 1209 1114 eloquentes
1243 1061 1426 1110 fuerunt,

215 1129 444 1165 orationem
475 1138 592 1163 suam
623 1130 668 1164 et
696 1125 946 1176 reipublicae
977 1125 1226 1177 dignitatem
1257 1139 1428 1164 exorna-

216 1190 330 1227 bant.

132 1268 199 1302 216
269 1250 316 1289 L.
347 1250 494 1302 Neque
508 1252 618 1288 enim
631 1255 696 1288 est
710 1249 977 1288 interdictum
991 1254 1064 1288 aut
1080 1263 1104 1287 a
1115 1263 1252 1288 rerum
1265 1256 1427 1298 natura,

217 1319 290 1352 aut
313 1326 337 1351 a
358 1312 452 1365 lege
476 1312 614 1364 aliqua
637 1317 763 1364 atque
786 1325 914 1358 more,
936 1317 984 1351 ut
1006 1312 1174 1364 singulis
1196 1311 1427 1352 hominibus

217 1389 270 1414 ne
288 1375 475 1427 amplius,
493 1388 618 1427 quam
635 1374 814 1427 singulas
833 1380 957 1421 artes,
974 1388 1092 1413 nosse
1109 1375 1244 1414 liceat.
1290 1375 1428 1424 Quare

217 1452 314 1484 non,
338 1441 415 1476 etsi
440 1437 797 1489 eloquentissimus
820 1436 997 1476 Athenis
1021 1436 1212 1484 Pericles,
1234 1438 1428 1490 idemque

217 1504 260 1540 in
280 1514 330 1540 ea
348 1503 516 1539 civitate
535 1500 730 1551 plurimos
750 1513 877 1538 annos
896 1502 1085 1551 princeps
1105 1500 1258 1538 consilii
1277 1500 1428 1552 publici

217 1563 311 1610 fuit,
344 1563 493 1602 idcirco
532 1562 717 1601 eiusdem
750 1561 924 1600 hominis
959 1567 1086 1614 atque
1121 1565 1219 1601 artis
1253 1568 1429 1615 utraque

218 1625 391 1665 facultas
413 1625 687 1664 existimanda
707 1630 796 1671 est3
825 1637 916 1670 nec,
930 1626 963 1663 si
977 1623 1022 1663 P.
1039 1624 1206 1663 Crassus
1219 1624 1331 1663 idem
1349 1623 1430 1664 fuit

219 1689 429 1740 eloquens,
458 1693 503 1727 et
530 1690 627 1727 iuris
657 1690 828 1739 peritus,
856 1687 910 1726 ob
938 1700 1031 1725 eam
1059 1700 1224 1726 causam
1251 1690 1361 1726 inest
1386 1689 1430 1726 in

135 1761 199 1793 217
218 1751 418 1789 facultate
445 1749 608 1790 dicendi
631 1752 726 1789 iuris
749 1750 875 1789 civilis
898 1752 1081 1788 scientia.
1137 1749 1244 1788 Nam
1266 1751 1300 1788 si
1322 1752 1430 1802 quis-

220 1827 315 1866 que,
342 1818 390 1852 ut
416 1816 459 1851 in
485 1813 622 1864 aliqua
649 1818 738 1851 arte
766 1818 810 1851 et
835 1811 1035 1851 facultate
1063 1811 1282 1859 excellens,
1308 1812 1430 1851 aliam

220 1889 385 1929 quoque
406 1881 538 1915 artem
559 1876 634 1913 sibi
654 1877 934 1927 assumpserit,
950 1878 1009 1913 ita
1027 1874 1227 1926 perficiet,
1243 1880 1304 1921 ut,
1319 1875 1430 1927 quod

220 1944 437 1992 praeterea
456 1941 573 1984 sciet,
586 1938 628 1977 id
643 1940 745 1985 eius,
758 1940 800 1976 in
815 1951 896 1991 quo
912 1937 1101 1984 excellet,
1115 1951 1209 1990 pars
1225 1937 1429 1991 quaedam

223 2047 298 2084 152
