1560 2294
745 115 948 155 CICERO

241 220 316 264 uti,
351 232 444 257 cum
487 218 586 256 mihi
628 221 671 256 in
713 222 792 257 isto
835 219 971 257 studio
1007 222 1158 258 versari
1201 219 1450 258 adolescenti

238 284 401 323 licebat.

157 361 220 393 136
290 352 395 390 Tum
420 351 645 403 Sulpicius:
682 352 718 391 Ο
744 352 868 398 diem,
894 352 1032 399 Cotta,
1056 353 1187 399 nobis,
1210 355 1359 405 inquit,
1381 367 1452 405 op—

238 419 402 457 tatum!
446 419 557 471 quod
595 422 706 457 enim
739 433 875 471 neque
914 420 1102 470 precibus
1141 434 1337 472 unquam,
1375 434 1452 459 nec

238 486 481 532 insidiando,
513 499 590 524 nec
621 485 871 537 speculando
904 489 1066 539 assequi
1096 489 1228 538 potui,
1260 493 1321 534 ut,
1353 487 1451 539 quid

239 552 407 591 Crassus
441 558 600 605 ageret,
633 553 864 591 meditandi
898 559 971 592 aut
1005 554 1166 592 dicendi
1200 567 1336 601 causa,
1370 568 1449 593 non

238 620 360 658 modo
389 620 527 658 videre
555 620 669 666 mihi,
698 620 772 659 sed
805 634 856 659 ex
886 623 972 659 eius
1001 623 1198 672 scriptore
1227 627 1271 660 et
1298 621 1451 660 lectore

240 687 407 738 Diphilo
429 690 623 739 suspicari
644 687 788 727 liceret
806 700 817 734 ;
852 688 895 726 id
916 701 1035 739 spero
1057 702 1130 727 nos
1153 702 1241 727 esse
1265 689 1451 740 adeptos,

240 757 459 806 omniaque
477 757 560 792 iam
579 768 631 793 ex
649 757 751 806 ipso,
771 768 877 807 quae
896 755 966 793 diu
985 758 1185 806 cupimus,
1203 759 1449 808 cognituros.

158 834 220 866 137
291 821 445 860 XXXI.
475 821 581 859 Tum
601 821 794 860 Crassus:
824 822 955 874 Atqui
976 823 1163 868 arbitror,
1179 822 1344 874 Sulpici,
1359 837 1451 862 cum

239 889 430 935 audieris,
450 902 532 927 non
551 894 639 927 tam
659 894 703 927 te
722 888 826 927 haec
841 889 1153 935 admiraturum,
1169 903 1275 941 quae
1296 890 1452 937 dixero,

239 969 363 1007 quam
388 958 734 1002 existimaturum,
758 961 863 1002 tum,
886 970 980 995 cum
1005 969 1055 995 ea
1078 956 1219 995 audire
1243 958 1451 1008 cupiebas,

238 1037 403 1061 causam
428 1037 499 1061 cur
525 1036 710 1074 cuperes,
736 1037 819 1061 non
845 1022 983 1062 fuisse.
1041 1023 1151 1061 Nihil
1180 1026 1290 1062 enim
1318 1024 1450 1062 dicam

237 1090 509 1135 reconditum,
530 1089 629 1128 nihil
654 1093 965 1141 exspectatione
986 1095 1123 1128 vestra
1146 1090 1332 1143 dignum,
1351 1090 1450 1129 nihil

239 1163 312 1195 aut
350 1157 582 1195 inauditum
620 1158 748 1203 vobis,
784 1162 857 1196 aut
895 1160 1087 1209 cuiquam
1125 1171 1288 1196 novum.
1346 1158 1451 1196 Nam

238 1227 435 1276 principio
469 1224 583 1270 illud,
618 1224 729 1276 quod
763 1229 828 1263 est
861 1223 1027 1263 homine
1061 1227 1242 1277 ingenuo
1276 1225 1451 1263 liberali-

238 1297 386 1343 terque
407 1291 583 1330 educato
600 1291 785 1344 dignum,
802 1305 884 1330 non
904 1292 1066 1345 negabo
1086 1305 1153 1330 me
1170 1294 1250 1331 ista
1269 1295 1450 1330 omnium

157 1375 220 1407 133
238 1362 470 1398 communia
496 1364 540 1397 et
565 1361 743 1398 contrita
767 1365 992 1411 praecepta
1016 1359 1204 1398 didicisse
1225 1373 1234 1398 z
1274 1362 1450 1411 primum

240 1429 409 1465 oratoris
438 1426 614 1464 officium
644 1439 747 1472 esse,
777 1426 913 1464 dicere
944 1426 997 1464 ad
1025 1426 1357 1478 persuadendum
1387 1439 1451 1465 ac-

239 1493 498 1532 commodate
518 1506 528 1539 ;
565 1493 730 1540 deinde,
754 1506 842 1532 esse
865 1507 1030 1532 omnem
1052 1496 1280 1532 orationem
1303 1499 1376 1532 aut
1398 1493 1450 1532 de

238 1561 422 1599 infinitae
437 1564 496 1600 rei
511 1563 767 1613 quaestione,
782 1563 869 1599 sine
884 1560 1170 1613 designatione
1183 1574 1449 1612 personarum

238 1634 282 1667 et
309 1634 558 1680 temporum,
586 1633 659 1667 aut
687 1627 739 1666 de
766 1641 811 1666 re
839 1630 960 1666 certis
988 1630 1031 1665 in
1057 1630 1240 1679 personis
1269 1641 1316 1666 ac
1344 1633 1448 1666 tem-

157 1714 219 1747 139
237 1697 402 1747 poribus
436 1695 595 1742 locata3
640 1697 684 1733 in
717 1700 893 1747 utraque
928 1700 1070 1733 autem
1100 1708 1144 1733 re
1177 1694 1376 1747 quidquid
1407 1697 1449 1732 in

237 1765 555 1801 controversiam
584 1765 738 1808 veniat,
767 1765 809 1800 in
840 1775 888 1800 eo
919 1764 1060 1814 quaeri
1090 1762 1235 1808 solere,
1265 1767 1338 1800 aut
1366 1761 1448 1800 fac-

238 1836 382 1868 tumne
400 1833 467 1876 sit,
485 1835 572 1876 aut,
589 1832 621 1868 si
640 1835 704 1868 est
721 1828 891 1875 factum,
909 1829 1030 1881 quale
1048 1832 1115 1875 sit,
1133 1835 1206 1868 aut
1223 1831 1350 1868 etiam
1367 1843 1448 1881 quo

238 1900 402 1935 nomine
427 1902 608 1943 vocetur,
628 1902 715 1942 aut,
740 1897 850 1948 quod
874 1896 1055 1934 nonnulli
1082 1896 1254 1942 addunt,
1279 1901 1446 1935 rectene

157 1983 220 2015 140
236 1963 393 2002 factum
415 1977 503 2002 esse
524 1964 737 2010 videatur3
767 1966 965 2002 exsistere
990 1969 1128 2002 autem
1154 1965 1449 2002 controversias

238 2074 290 2116 96
