1560 2294
769 130 973 170 CICERO

264 238 458 275 materies
477 250 486 274 :
517 249 600 274 una
622 249 759 274 rerum
780 249 935 282 earum,
957 248 1063 287 quae
1083 249 1166 275 non
1186 238 1474 289 excogitantur

265 299 318 337 ab
344 304 521 346 oratore,
546 298 620 336 sed
645 300 688 335 in
713 311 758 336 re
783 300 943 349 positae
969 300 1129 337 ratione
1155 304 1399 346 tractantur,
1425 305 1474 340 ut

264 361 446 407 tabulae,
484 363 735 406 testimonia,
773 366 896 411 pacta
937 366 1153 407 conventa,
1195 364 1472 413 quaestioneS,

264 423 392 476 leges,
421 429 588 462 senatus
622 422 822 469 consulta,
850 436 915 462 res
953 422 1173 470 iudicatae,
1200 424 1383 471 decreta,
1410 437 1474 464 re-

265 499 426 537 sponsa,
451 486 622 537 reliqua,
648 488 682 524 si
711 499 818 537 quae
847 491 957 531 sunt,
983 499 1090 538 quae
1119 499 1201 525 non
1229 486 1282 526 ab
1309 492 1471 526 oratore

263 552 492 600 pariuntur,
525 548 599 586 sed
632 547 686 586 ad
717 554 923 587 oratorem
957 561 982 586 a
1015 561 1137 587 causa
1175 554 1302 601 atque
1335 562 1361 588 a
1391 552 1471 589 reis

264 610 506 649 deferuntur
524 622 535 656 3
563 610 694 648 altera
717 615 797 656 est,
817 623 923 662 quae
946 615 1038 649 tota
1060 613 1103 648 in
1127 610 1408 663 disputatione
1428 617 1473 651 et

182 682 245 715 117
265 675 306 711 in
343 675 703 726 argumentatione
742 675 912 711 oratoris
951 672 1148 711 collocata
1186 679 1263 712 est.
1327 674 1394 713 Ita
1429 677 1473 713 in

263 738 471 787 superiore
500 748 653 787 genere
688 734 740 773 de
774 735 1000 774 tractandis
1029 738 1297 787 argumentis,
1325 739 1369 775 in
1395 735 1473 776 hoc

264 804 405 836 autem
426 801 552 836 etiam
572 797 625 836 de
645 797 899 836 inveniendis
920 798 1185 850 cogitandum
1205 803 1282 837 est.
1330 799 1472 851 Atque

263 863 331 899 isti
357 860 538 912 quidem,
557 862 626 912 qui
650 859 815 905 docent,
833 874 926 899 cum
949 873 1091 898 causas
1114 862 1157 898 in
1179 860 1297 912 plura
1318 875 1473 914 genera

263 928 496 969 secuerunt,
519 921 687 974 singulis
710 923 929 974 generibus
953 927 1290 974 argumentorum
1312 926 1471 975 copiam

261 990 502 1037 suggerunt.
547 983 669 1033 Quod
689 986 851 1023 etiamsi
871 985 924 1023 ad
942 985 1216 1024 instituendos
1236 985 1470 1025 adolescen-

260 1047 368 1086 tulos
389 1050 520 1100 magis
543 1052 687 1098 aptum
710 1052 788 1092 est,
807 1052 869 1093 ut,
889 1047 1008 1085 simul
1028 1060 1075 1086 ac
1097 1050 1232 1098 posita
1257 1060 1380 1087 causa
1401 1051 1469 1096 sit,

260 1109 443 1148 habeant
489 1123 570 1161 quo
609 1122 654 1147 se
692 1107 889 1155 referant,
928 1109 1038 1148 unde
1085 1112 1228 1148 statim
1274 1111 1470 1162 expedita

259 1174 417 1223 possint
437 1177 682 1224 argumenta
701 1171 957 1222 depromere,
971 1177 1115 1210 tamen
1129 1177 1173 1210 et
1192 1172 1300 1211 tardi
1314 1175 1469 1226 ingenii

261 1239 326 1273 est
357 1234 505 1272 rivulos
539 1235 779 1278 consectari,
807 1231 932 1272 fontis
965 1247 1102 1272 rerum
1131 1247 1213 1272 non
1241 1234 1396 1282 videre,
1425 1241 1469 1275 et

260 1298 342 1334 iam
362 1299 511 1335 aetatis
532 1302 597 1335 est
616 1308 794 1347 ususque
820 1299 949 1335 nostri
968 1309 993 1334 a
1011 1298 1147 1347 capite
1167 1296 1279 1348 quod
1297 1297 1468 1336 velimus

260 1372 463 1397 arcessere
483 1364 527 1397 et
545 1358 655 1397 unde
674 1359 812 1396 omnia
828 1364 1000 1397 manent
1018 1358 1170 1397 videre.

177 1432 239 1464 118
309 1421 366 1459 Et
399 1423 577 1472 primum
611 1433 741 1473 genus
775 1419 877 1459 illud
911 1434 1053 1459 earum
1086 1433 1238 1467 rerum,
1271 1434 1380 1474 quae
1413 1422 1468 1462 ad

258 1489 463 1522 oratorem
482 1482 738 1528 deferuntur,
756 1482 1005 1522 meditatum
1023 1483 1140 1521 nobis
1157 1485 1201 1520 in
1218 1489 1466 1535 perpetuum

258 1546 311 1584 ad
323 1559 487 1584 omnem
500 1559 619 1584 usum
631 1544 823 1583 similium
834 1558 971 1584 rerum
984 1558 1073 1584 esse
1086 1544 1257 1584 debebit
1271 1557 1283 1592 ;
1310 1559 1407 1586 nam
1421 1552 1466 1586 et

256 1621 330 1660 pro
347 1608 497 1647 tabulis
516 1613 560 1647 et
577 1613 719 1646 contra
736 1606 898 1646 tabulas
916 1612 962 1646 et
977 1620 1050 1659 pro
1068 1607 1244 1646 testibus
1263 1613 1307 1646 et
1323 1613 1466 1647 contra

257 1676 387 1709 testes
421 1676 466 1709 et
497 1683 571 1722 pro
609 1670 916 1722 quaestionibus
951 1675 995 1708 et
1027 1675 1170 1708 contra
1203 1673 1465 1722 quaestiones

258 1739 302 1772 et
320 1736 422 1772 item
440 1732 493 1772 de
512 1735 660 1771 ceteris
683 1732 806 1770 rebus
831 1731 1015 1770 eiusdem
1038 1734 1201 1784 generis
1219 1731 1286 1771 vel
1302 1745 1464 1784 separa-

257 1798 333 1834 tim
349 1795 484 1834 dicere
500 1794 677 1833 solemus
697 1794 749 1833 de
769 1807 922 1846 genere
942 1796 1130 1833 universo
1145 1793 1211 1833 vel
1225 1793 1395 1834 definite
1410 1795 1463 1834 de

257 1858 424 1910 singulis
441 1857 709 1908 temporibus,
725 1856 970 1902 hominibus,
987 1859 1118 1895 causis
1136 1869 1147 1903 ;
1178 1869 1279 1908 quos
1296 1856 1464 1908 quidem

257 1920 530 1959 locos—vobis
554 1918 644 1964 hoc,
664 1918 789 1957 Cotta
813 1924 857 1957 et
879 1917 1044 1969 Sulpici,
1063 1917 1337 1958 dico—multa
1355 1932 1464 1958 com-

256 1985 512 2022 mentatione
542 1987 669 2034 atque
697 1980 968 2020 meditatione
996 1985 1162 2033 paratos
1191 1986 1318 2034 atque
1338 1994 1464 2034 expe·

257 2102 333 2137 282
