1560 2294
793 115 997 155 CICERO

340 219 568 259 LXXXIV.
598 220 781 272 Exposui
804 220 892 260 fere
916 226 964 259 ut
986 223 1103 272 potui
1126 221 1240 259 vobis
1258 223 1303 259 in
1324 225 1501 271 utroque

286 309 440 349 genere
468 311 683 336 causarum
711 311 818 350 quae
846 300 963 349 sequi
990 297 1179 344 solerem,
1206 310 1314 349 quae
1340 295 1502 349 fugere,

287 387 394 425 quae
416 380 605 426 spectare
635 388 800 427 quaque
822 377 988 413 omnino
1016 377 1060 413 in
1080 377 1211 414 causis
1232 377 1392 413 ratione
1413 386 1502 412 ver-

202 454 266 488 341
286 453 378 489 sari.
435 451 522 490 Nee
567 451 668 490 illud
713 455 885 490 tertium
930 452 1215 490 laudationum
1260 464 1391 504 genus
1437 455 1503 489 est

288 527 448 566 difficile
479 529 591 580 quod
622 542 700 581 ego
735 531 852 567 initio
883 531 999 580 quasi
1038 542 1063 567 a
1091 531 1324 580 praeceptis
1354 529 1502 567 nostris

288 617 572 651 secreveram3
628 605 702 644 sed
742 611 787 644 et
827 608 924 657 quia
963 605 1095 644 multa
1134 611 1232 644 sunt
1271 607 1502 644 orationum

289 695 444 734 genera
462 687 506 721 et
528 685 715 735 graviora
733 688 777 721 et
799 685 962 721 maioris
979 685 1121 734 copiae
1145 683 1198 721 de
1215 683 1363 735 quibus
1380 696 1503 721 nemo

289 758 377 797 fere
401 762 675 811 praeciperet,
702 765 746 798 et
772 760 883 811 quod
908 773 981 798 nos
1006 759 1311 799 laudationibus
1336 773 1419 799 non
1442 762 1503 799 ita

287 836 466 874 multum
509 839 571 875 uti
616 836 854 883 soleremus,
898 843 1035 876 totum
1078 837 1187 876 hunc
1230 837 1503 889 segregabam

287 912 434 952 locum.
491 913 574 965 Ipsi
601 917 711 952 enim
732 914 880 953 Graeci
905 917 1036 966 magis
1061 914 1228 966 legendi
1254 920 1299 953 et
1323 914 1504 953 delecta-

289 993 412 1028 tionis
445 996 518 1029 aut
547 990 723 1029 hominis
755 991 922 1029 alicuius
954 991 1125 1030 ornandi
1156 1005 1281 1043 quam
1311 991 1503 1030 utilitatis

290 1065 410 1105 huius
453 1066 625 1106 forensis
669 1081 794 1106 causa
835 1068 1094 1107 laudationes
1138 1071 1504 1120 scriptitaverunt;

290 1157 465 1196 quorum
497 1150 595 1183 sunt
631 1145 723 1183 libri
756 1146 904 1197 quibus
942 1145 1253 1192 Themistocles,
1285 1146 1502 1193 Aristides,

290 1220 522 1273 Agesilaus,
547 1221 869 1273 Epaminondas,
899 1221 1125 1274 Philippus,
1151 1222 1390 1262 Alexander
1418 1223 1503 1262 alii-

290 1311 372 1349 que
401 1298 653 1345 laudantur3
692 1304 858 1337 nostrae
883 1298 1141 1338 laudationes
1171 1300 1319 1351 quibus
1344 1303 1387 1339 in
1414 1299 1504 1340 foro

290 1377 446 1413 utimur
483 1380 557 1414 aut
594 1378 821 1414 testimonii
858 1376 1109 1415 brevitatem
1145 1375 1304 1416 habent
1349 1377 1503 1416 nudam

292 1457 419 1503 atque
448 1454 683 1491 inornatam
712 1458 786 1491 aut
813 1453 1047 1491 scribuntur
1075 1453 1128 1492 ad
1164 1452 1383 1494 funebrem
1410 1468 1504 1494 con-

292 1531 463 1575 tionem,
496 1542 603 1580 quae
636 1529 689 1568 ad
720 1532 915 1568 orationis
948 1530 1115 1569 laudem
1146 1533 1315 1571 minime
1347 1545 1504 1572 accom-

291 1606 460 1645 modata
503 1612 579 1645 est.
635 1606 718 1645 Sed
759 1611 916 1653 tamen,
959 1610 1153 1659 quoniam
1196 1613 1260 1648 est
1301 1609 1503 1649 utendum

291 1683 525 1734 aliquando,
568 1697 863 1735 nonnunquam
906 1686 1033 1723 etiam
1074 1685 1349 1732 scribendum,
1390 1687 1504 1728 velut

290 1759 341 1808 Q.
366 1759 573 1798 Tuberoni
598 1759 839 1798 Africanum
864 1760 1110 1799 avunculum
1133 1761 1320 1801 laudanti
1343 1766 1504 1815 scripsit

290 1835 336 1874 C.
368 1836 532 1875 Laelius
562 1836 627 1875 vel
655 1842 703 1875 ut
733 1843 897 1876 nosmet
923 1840 1001 1889 ipsi
1029 1838 1201 1877 ornandi
1229 1852 1353 1878 causa
1377 1839 1504 1880 Grae—

291 1926 430 1951 corum
452 1926 566 1952 more
589 1916 622 1951 si
651 1926 753 1965 quos
777 1914 947 1952 velimus
976 1914 1144 1953 laudare
1166 1918 1382 1967 possimus,
1403 1919 1458 1956 sit
1478 1930 1504 1956 a

207 1989 273 2023 342
292 1989 407 2028 nobis
441 2003 606 2041 quoque
635 1995 838 2028 tractatus
867 1989 934 2029 hic
966 1990 1089 2030 locus.
1145 1990 1410 2044 Perspicuum
1439 1999 1504 2033 est

291 2074 368 2109 456
