1560 2294
746 92 951 131 CICERO

295 198 424 237 XXV.
455 197 520 236 Sic
550 199 689 249 igitur,
722 199 857 247 inquit
887 195 1069 242 Crassus,
1099 198 1233 234 sentio
1263 202 1454 236 naturam

243 268 434 317 primum,
466 270 592 315 atque
622 266 835 315 ingenium
866 263 919 301 ad
948 262 1168 301 dicendum
1198 266 1280 301 vim
1310 263 1454 303 afferre

243 335 495 377 maximam3
537 343 673 382 neque
700 343 796 368 vero
823 332 925 375 istis,
953 329 1005 367 de
1033 330 1180 381 quibus
1206 330 1329 382 paulo
1356 337 1453 370 ante

245 399 350 438 dixit
369 399 573 437 Antonius
593 397 856 448 scriptoribus
877 399 989 442 artis,
1008 399 1211 436 rationem
1230 397 1393 437 dicendi
1412 404 1456 438 et

245 469 367 512 viam,
396 465 470 504 sed
498 470 690 503 naturam
719 463 910 502 defuisse.
967 463 1074 502 Nam
1103 470 1147 502 et
1176 467 1300 503 animi
1329 471 1455 518 atque

245 536 399 585 ingenii
421 532 574 571 celeres
596 531 764 584 quidam
784 537 921 569 motus
944 544 1033 569 esse
1054 531 1225 578 debent,
1247 535 1317 584 qui
1338 538 1383 572 et
1403 533 1456 572 ad

247 600 567 652 excogitandum
581 601 705 645 acuti,
720 604 764 637 et
777 598 830 637 ad
844 598 1132 649 explicandum
1145 599 1456 653 ornandumque

165 675 229 709 114
247 671 329 706 sint
344 668 505 712 uberes,
521 672 565 705 et
580 666 634 705 ad
647 668 887 704 memoriam
903 665 1007 703 firmi
1022 671 1149 717 atque
1164 666 1359 706 diuturni.
1401 667 1458 706 Et

248 738 281 774 si
309 738 399 787 quis
428 740 506 780 est,
534 735 605 785 qui
632 732 735 771 haec
762 738 885 784 putet
913 738 1003 771 arte
1031 735 1158 785 accipi
1185 747 1320 785 posse,
1347 736 1459 787 quod

247 802 395 840 falsum
427 800 751 852 est—praeclare
784 803 894 838 enim
925 813 969 838 se
999 813 1064 838 res
1095 799 1264 848 habeat,
1292 804 1326 840 si
1356 802 1458 842 haec

250 869 431 915 accendi,
451 874 524 906 aut
543 870 789 906 commoveri
808 873 897 906 arte
916 870 1074 919 possint
1093 881 1102 906 ε
1136 870 1259 907 inseri
1278 869 1460 921 quidem,

250 943 294 975 et
313 937 455 975 donari
475 936 528 974 ab
548 941 637 973 arte
657 948 739 973 non
757 940 930 986 possunt
948 937 1086 973 omnia
1104 947 1114 981 ;
1148 941 1245 975 sunt
1264 939 1374 976 enim
1392 937 1460 976 illa

250 1005 358 1043 dona
381 1009 632 1041 naturae—2
662 1002 762 1054 quid
781 1002 834 1040 de
857 1002 933 1040 illis
958 1002 1082 1048 dicet,
1103 1016 1210 1054 quae
1229 1010 1343 1043 certe
1366 1018 1459 1044 cum

250 1074 337 1122 ipso
357 1070 521 1108 homine
541 1075 764 1108 nascuntur
782 1069 798 1107 ?
831 1069 997 1121 linguae
1016 1069 1178 1116 solutio,
1197 1074 1305 1110 vocis
1324 1085 1461 1120 sonus,

251 1139 395 1184 latera,
424 1140 542 1182 vires,
571 1135 839 1175 conformatio
869 1136 1074 1188 quaedam
1103 1142 1147 1175 et
1175 1137 1306 1190 figura
1333 1142 1460 1178 totius

169 1217 232 1249 115
250 1209 329 1244 oris
347 1211 390 1244 et
410 1206 586 1255 corporis
605 1204 620 1242 ?
675 1203 822 1255 Neque
838 1203 941 1242 haec
963 1206 1024 1242 ita
1039 1204 1144 1250 dico,
1160 1210 1208 1243 ut
1228 1218 1292 1244 ars
1309 1205 1461 1258 aliquid

250 1273 392 1311 limare
412 1285 495 1310 non
517 1273 835 1322 possit—neque
860 1273 970 1309 enim
986 1274 1143 1323 ignoro,
1161 1277 1205 1311 et
1227 1286 1334 1324 quae
1354 1273 1462 1312 bona

252 1343 347 1385 sint,
365 1339 452 1377 fieri
469 1338 638 1376 meliora
654 1351 773 1389 posse
790 1337 990 1384 doctrina,
1008 1344 1052 1377 et
1069 1352 1175 1390 quae
1193 1352 1275 1378 non
1291 1343 1462 1391 optima,

252 1407 388 1458 aliquo
416 1406 539 1444 modo
566 1408 655 1444 acui
682 1411 824 1444 tamen
847 1411 891 1444 et
919 1408 1064 1458 corrigi
1092 1407 1339 1457 posse—sed
1366 1414 1462 1447 sunt

253 1474 420 1526 quidam
436 1479 508 1511 aut
522 1475 582 1511 ita
595 1473 735 1525 lingua
749 1472 1018 1519 haesitantes,
1034 1478 1106 1511 aut
1120 1475 1180 1512 ita
1194 1487 1291 1512 voce
1307 1475 1462 1522 absoni,

253 1547 326 1580 aut
346 1544 405 1579 ita
425 1540 555 1586 vultu,
574 1545 774 1592 motuque
795 1543 970 1591 corporis
991 1543 1095 1578 vasti
1116 1546 1242 1592 atque
1264 1547 1462 1594 agrestes,

254 1615 315 1654 ut,
349 1610 509 1646 etiamsi
543 1610 716 1659 ingeniis
751 1612 877 1659 atque
911 1612 1000 1646 arte
1034 1607 1213 1654 valeant,
1246 1614 1388 1647 tamen
1420 1611 1462 1648 in

253 1681 462 1715 oratorum
482 1688 699 1713 numerum
719 1677 857 1712 venire
878 1688 959 1712 non
979 1677 1148 1726 possint.
1197 1674 1302 1714 Sunt
1322 1681 1462 1715 autem

255 1743 422 1795 quidam
455 1745 516 1780 ita
552 1744 594 1779 in
631 1741 787 1780 eisdem
823 1742 944 1780 rebus
981 1741 1151 1788 habiles,
1194 1745 1254 1781 ita
1289 1748 1462 1782 naturae

254 1810 491 1848 muneribus
525 1812 672 1855 ornati,
699 1815 747 1847 ut
780 1823 861 1847 non
895 1811 996 1855 nati,
1023 1809 1096 1847 sed
1130 1810 1182 1848 ab
1216 1809 1352 1862 aliquo
1385 1810 1464 1850 deo

257 1877 339 1915 ficti
361 1890 448 1914 esse
469 1876 698 1914 videantur.

173 1959 237 1993 11ss
309 1943 511 1995 Magnum
546 1943 754 1995 quoddam
789 1948 853 1982 est
886 1956 987 1981 onus
1023 1948 1149 1995 atque
1183 1957 1346 1991 munus,
1379 1957 1464 1983 sus-

255 2049 306 2085 80
