1560 2294
735 96 940 136 CICERO

233 199 503 239 voluminibus
526 203 686 253 magnis
710 204 974 240 continentur
992 215 1001 240 :
1040 201 1188 240 eadem
1211 203 1322 240 enim
1344 207 1442 241 sunt

232 265 343 304 elata
358 268 536 317 primurn
555 279 580 304 a
596 266 779 318 pluribus
798 279 808 313 ;
842 266 1006 313 deinde,
1023 269 1164 318 paucis
1182 267 1316 306 verbis
1333 280 1441 306 com-

230 334 416 378 mutatis,
441 335 568 370 etiam
597 332 650 370 ab
680 332 836 371 eisdem
864 333 1142 384 scriptoribus,
1165 335 1317 384 scripta
1344 338 1442 372 sunt

148 400 214 435 193
232 400 406 448 saepius.
461 397 636 436 Accedit
654 411 765 444 vero,
785 411 866 450 quo
885 397 1043 437 facilius
1062 401 1218 450 percipi
1235 401 1442 451 cognosci-

231 476 313 515 que
346 465 408 501 ius
441 463 557 501 civile
595 466 723 514 possit
757 463 885 516 (quod
916 466 1084 502 minime
1117 463 1303 516 plerique
1336 465 1442 503 arbi-

231 528 426 581 trantur),
452 531 555 567 mira
582 529 786 580 quaedam
812 532 855 567 in
881 529 1164 581 cognoscendo
1190 532 1370 569 suavitas
1396 535 1442 569 et

232 593 467 633 delectatio.
524 594 644 641 Nam,
676 597 760 634 sive
797 608 922 647 quem
957 594 1060 634 haec
1096 594 1271 634 Aeliana
1305 595 1442 634 studia

232 659 444 698 delectant
462 673 472 706 ;
510 660 685 711 plurima
711 666 788 707 est,
813 666 858 699 et
879 663 923 699 in
945 663 1056 699 omni
1078 663 1166 699 iure
1189 661 1309 707 civili,
1333 667 1378 700 et
1399 663 1442 700 in

232 726 473 777 pontificum
486 725 612 772 libris,
628 732 672 765 et
685 729 728 764 in
743 726 974 765 Duodecim
987 726 1167 773 Tabulis,
1183 729 1441 779 antiquitatis

233 791 401 843 effigies,
415 792 527 843 quod
541 797 585 830 et
597 792 815 831 verborum
827 795 960 844 prisca
972 798 1157 831 vetustas
1171 795 1442 844 cognoscitur,

234 862 279 895 et
316 860 524 896 actionum
558 870 713 910 genera
746 858 951 909 quaedam
987 860 1188 896 maiorum
1225 864 1442 897 eonsuetu-

233 922 372 961 dinem
396 925 606 975 vitamque
631 923 842 962 declarant
861 937 870 962 :
909 926 993 962 sive
1018 926 1107 975 quis
1131 923 1290 962 civilem
1313 926 1442 963 scien-

233 990 335 1026 tiam
351 988 668 1040 contempletur,
685 1002 809 1041 quam
825 988 1020 1027 Scaevola
1035 1002 1117 1027 non
1132 994 1255 1040 putat
1270 991 1441 1029 oratoris

234 1067 323 1092 esse
361 1057 581 1106 propriam,
614 1054 688 1093 sed
720 1055 932 1093 cuiusdam
965 1068 1017 1093 ex
1051 1054 1129 1093 alio
1162 1067 1315 1107 genere
1347 1068 1442 1107 pru-

234 1119 430 1165 dentiae3
478 1125 612 1158 totam
645 1119 763 1166 hanc,
798 1120 1011 1171 descriptis
1045 1121 1232 1159 omnibus
1265 1123 1441 1159 civitatis

234 1184 482 1223 utilitatibus
507 1199 554 1223 ac
576 1186 776 1236 partibus,
801 1185 1031 1224 Duodecim
1053 1185 1219 1224 Tabulis
1242 1188 1442 1225 contineri

234 1250 391 1289 videbit
409 1263 419 1296 ;
452 1253 536 1289 sive
555 1264 680 1302 quem
697 1253 778 1290 ista
794 1257 1042 1303 praepotens
1062 1257 1106 1289 et
1123 1251 1298 1303 gloriosa
1313 1250 1442 1303 philo-

234 1315 378 1367 sophia
394 1316 590 1362 delectat,
607 1317 740 1355 dicam
757 1317 964 1363 audacius,
981 1316 1103 1355 hosce
1119 1316 1290 1356 habebit
1305 1316 1441 1356 fontes

235 1384 418 1420 omnium
436 1382 763 1434 disputationum
777 1396 956 1428 suarum,
972 1385 1042 1434 qui
1060 1385 1148 1421 iure
1164 1382 1268 1421 civili
1284 1388 1328 1422 et
1341 1382 1442 1436 legi-

154 1455 219 1489 194
235 1448 310 1486 bus
330 1450 606 1487 continentur.
658 1447 722 1486 Ex
737 1447 799 1487 his
815 1451 924 1487 enim
942 1454 986 1487 et
1001 1448 1249 1501 dignitatem
1262 1451 1441 1488 maxime

236 1513 515 1564 expetendam
545 1513 743 1560 videmus,
770 1526 863 1552 cum
896 1527 1029 1560 verus,
1055 1516 1200 1560 iustus,
1223 1519 1349 1566 atque
1371 1513 1442 1554 ho-

235 1584 378 1617 nestus
406 1578 521 1618 labor
546 1578 780 1626 honoribus,
803 1582 1009 1631 praemiis,
1032 1579 1248 1631 splendore
1277 1579 1443 1620 decora-

236 1650 333 1691 tur3
366 1647 465 1683 vitia
491 1650 633 1684 autem
657 1644 883 1691 hominum,
907 1651 1033 1697 atque
1061 1644 1241 1692 fraudes,
1269 1645 1442 1694 damnis,

235 1712 481 1762 ignominiis,
505 1710 687 1756 vinculis,
714 1711 964 1756 verberibus,
992 1710 1155 1757 exsiliis,
1178 1716 1312 1750 morte
1339 1711 1442 1751 mul-

236 1781 399 1821 tantur3
440 1781 484 1814 et
517 1776 711 1815 docemur
743 1790 824 1815 non
856 1776 1038 1822 infinitis,
1074 1778 1443 1816 concertationum·

237 1854 318 1892 que
338 1840 469 1892 plenis
491 1841 850 1893 disputationibus,
871 1841 944 1880 sed
970 1844 1232 1888 auctoritate,
1254 1847 1441 1895 nutuque

237 1905 391 1957 legum,
428 1906 604 1945 domitas
642 1907 796 1946 habere
834 1907 1036 1952 libidines,
1075 1920 1263 1946 coercere
1300 1921 1442 1948 omnes

305 1994 322 2010 ⁰
342 1990 577 2034 Philosophia
593 2002 717 2026 means
733 1991 816 2027 here
832 1991 947 2026 moral
963 1990 1182 2036 philosophy
1197 2002 1238 2027 οι·
1252 1991 1377 2028 ethius·

243 2047 316 2083 184
