1560 2294
745 95 950 136 CICERO

238 200 449 240 hominum
474 202 663 252 ingeniis,
688 212 738 238 eo
762 199 882 238 multi
907 202 1034 238 etiam
1058 202 1146 239 sine
1171 200 1357 240 doctrina
1379 201 1451 241 ali·

238 271 337 324 quid
362 273 545 310 omnium
571 284 771 323 generum
798 275 925 322 atque
952 273 1103 310 artium
1129 278 1448 324 consequuntur.

237 342 333 389 Sed,
357 342 456 394 quid
479 344 676 393 cuiusque
699 344 754 380 sit
778 343 1002 393 proprium,
1027 344 1106 381 etsi
1132 356 1185 381 ex
1209 356 1258 382 eo
1281 343 1450 384 iudicari

236 419 390 466 potest,
410 427 503 452 cum
520 413 682 458 videris,
702 412 802 464 quid
822 426 1012 465 quaeque
1033 413 1195 460 doceat,
1210 419 1354 453 tamen
1372 414 1449 455 hoc

237 488 387 524 certius
403 484 503 522 nihil
519 497 608 523 esse
624 489 778 535 potest,
794 497 919 536 quam
935 484 1046 536 quod
1061 498 1203 523 omnes
1219 491 1329 524 artes
1345 486 1448 526 aliae

237 559 324 595 sine
340 555 576 608 eloquentia
590 569 710 594 suum
723 569 872 594 munus
886 561 1098 607 praestare
1111 561 1298 608 possunt,
1312 563 1450 597 orator

237 630 324 666 sine
345 641 395 666 ea
415 640 567 666 nomen
586 627 774 665 obtinere
795 639 915 665 suum
934 640 1016 665 non
1036 632 1178 678 potest
1195 641 1205 666 :
1240 632 1288 666 ut
1307 631 1449 676 ceteri,

237 701 271 737 si
288 699 430 738 diserti
448 700 544 744 sint,
563 697 717 750 aliquid
735 697 787 736 ab
804 696 882 736 hoc
898 697 1096 744 habeant,
1113 697 1179 737 hic
1196 701 1272 737 nisi
1290 698 1450 738 domes·

237 772 328 808 ticis
360 782 404 808 se
443 771 686 807 instruxerit
718 771 858 820 copiis,
891 768 1055 807 aliunde
1089 769 1252 809 dicendi
1290 773 1449 822 copiam

236 846 381 893 petere
401 854 483 879 non
501 842 642 892 possit.

176 929 220 963 39
288 912 340 950 X.
370 912 476 950 Tum
511 910 682 950 Catulus
701 924 711 950 ι
754 911 859 957 Etsi,
893 913 1043 963 inquit,
1078 911 1249 958 Antoni,
1282 915 1450 953 minime

238 983 524 1035 impediendus
548 987 612 1021 est
635 982 969 1034 interpellatione
992 985 1071 1022 iste
1095 996 1234 1022 cursus
1257 986 1450 1024 orationis

238 1061 352 1101 tuae,
371 1056 531 1106 patiere
555 1059 712 1100 tamen,
731 1053 915 1106 mihique
941 1056 1140 1106 ignosces.
1196 1053 1205 1068 ‘
1225 1054 1318 1094 Non
1342 1058 1451 1095 enim

237 1139 404 1179 possum
419 1128 518 1178 quin
539 1123 795 1171 exclamem,’
810 1130 859 1163 ut
874 1127 933 1163 ait
951 1124 1019 1164 ille
1039 1127 1082 1163 in
1101 1125 1339 1165 Trinummo
1355 1140 1364 1165 :
1391 1129 1451 1166 ita

237 1197 338 1237 mihi
356 1199 438 1236 vim
462 1198 632 1235 oratoris
656 1210 750 1235 cum
769 1198 999 1247 exprimere
1026 1196 1233 1235 subtiliter
1258 1200 1366 1236 visus
1392 1211 1450 1244 es,

238 1275 329 1307 tum
343 1268 512 1307 laudare
528 1269 817 1319 copiosissime.
864 1266 987 1315 Quod
1002 1267 1170 1319 quidem
1185 1267 1450 1321 eloquentem

239 1340 304 1379 vel
332 1342 488 1391 optime
518 1337 654 1377 facere
684 1343 864 1390 oportet,
893 1344 942 1377 ut
971 1338 1250 1390 eloquentiam
1279 1339 1452 1387 laudet3

238 1411 367 1450 debet
385 1413 495 1449 enim
514 1409 567 1448 ad
585 1423 678 1448 eam
694 1409 944 1448 laudandam
962 1412 1094 1461 ipsam
1110 1409 1222 1448 illam
1240 1410 1450 1458 adhibere,

238 1496 363 1535 quam
380 1481 535 1520 laudat.
591 1480 674 1520 Sed
690 1493 818 1533 perge
835 1494 955 1532 porro
975 1494 983 1519 :
1015 1481 1092 1519 tibi
1110 1483 1220 1520 enim
1237 1484 1450 1530 assentior,

238 1559 421 1593 vestrum
442 1566 531 1591 esse
550 1552 628 1591 hoc
647 1557 798 1598 totum,
818 1552 971 1590 diserte
992 1552 1143 1598 dicere,
1162 1552 1288 1605 idque
1307 1555 1341 1592 si
1360 1556 1450 1606 quis

238 1627 282 1663 in
312 1624 392 1663 alia
421 1629 510 1662 arte
536 1622 676 1670 faciat,
698 1637 793 1662 eum
819 1628 1030 1674 assumpto
1057 1622 1223 1662 aliunde
1243 1626 1306 1663 uti
1327 1625 1450 1672 bono,

178 1715 223 1748 40
240 1710 322 1735 non
345 1698 522 1748 proprio,
549 1708 626 1733 nec
650 1708 735 1733 suo.
794 1694 851 1732 Et
874 1693 1042 1732 Crassus
1062 1708 1071 1732 z
1104 1694 1196 1733 Nox
1220 1700 1279 1742 te,
1302 1697 1450 1748 inquit,

240 1768 371 1813 nobis,
390 1767 560 1812 Antoni,
577 1765 787 1817 expolivit,
805 1764 1097 1817 hominemque
1116 1765 1298 1804 reddidit
1317 1779 1327 1805 z
1354 1780 1451 1806 nam

240 1837 434 1877 hesterno
453 1850 655 1882 sermone,
674 1839 793 1875 unius
811 1835 1023 1875 cuiusdam
1042 1839 1190 1887 operis,
1208 1841 1256 1875 ut
1273 1839 1333 1876 ait
1350 1837 1453 1877 Cae-

240 1909 368 1955 cilius,
382 1911 582 1961 remigem
604 1908 798 1960 aliquem,
812 1913 886 1946 aut
904 1907 1101 1953 baiulum,
1115 1908 1231 1946 nobis
1247 1913 1450 1948 oratorem

531 2008 549 2025 ⁶
572 2003 733 2044 Plautus,
752 2004 981 2038 Trinummus
998 2004 1046 2037 iii.
1063 2005 1096 2037 2.
1113 2005 1167 2038 79.

242 2071 319 2106 226
