1560 2294
736 125 940 165 CICERO

232 231 327 285 sim)
348 231 446 272 locis
470 237 535 271 est
557 231 761 270 utendum
784 230 938 277 multis,
957 230 1196 277 illustribus,
1217 229 1445 282 explicatis,

232 296 401 335 modicis
438 294 663 334 intervallis
681 307 692 340 ;
745 294 992 346 imaginibus
1031 299 1173 332 autem
1212 293 1445 346 agentibus,

233 359 407 405 acribus,
434 359 652 409 insignitis,
681 370 788 408 quae
816 369 1027 395 occurrere
1055 356 1327 408 celeriterque
1354 368 1446 407 per-

232 426 375 460 cutere
402 423 584 459 animum
610 421 796 471 possint3
838 432 963 470 quam
988 417 1233 457 facultatem
1259 423 1304 457 et
1330 431 1446 456 exer-

231 486 374 522 citatio
391 483 522 528 dabit,
540 495 592 520 ex
609 494 692 534 qua
707 481 963 520 consuetudo
979 483 1177 533 gignitur,
1194 486 1239 520 et
1255 480 1445 519 similium

231 546 449 585 verborum
467 557 663 583 conversa
682 549 727 583 et
744 546 966 582 immutata
984 544 1144 582 casibus
1163 548 1237 581 aut
1254 543 1447 582 traducta

235 621 288 647 ex
318 613 438 659 parte
471 607 524 646 ad
549 620 681 659 genus
711 608 872 645 notatio
902 611 946 644 et
976 608 1095 644 unius
1124 606 1238 644 verbi
1267 607 1448 657 imagine

233 673 362 709 totius
382 672 616 709 sententiae
637 667 873 707 informatio
888 671 1057 719 pictoris
1073 667 1285 706 cuiusdam
1299 670 1447 706 summi

234 736 395 772 ratione
429 738 474 771 et
506 732 629 771 modo
668 730 892 770 formarum
925 733 1130 770 varietate
1163 730 1272 769 locos
1305 730 1448 769 distin·

151 807 217 839 359
235 798 413 848 guentis.
470 793 746 833 LXXXVIII.
776 793 859 832 Sed
878 794 1096 831 verborum
1111 795 1324 838 memoria,
1340 805 1447 844 quae
1509 804 1511 806 ·

235 861 369 896 minus
394 863 459 896 est
481 858 598 895 nobis
622 859 866 902 necessaria,
889 858 1043 894 maiore
1069 858 1297 908 imaginum
1320 858 1449 894 varie-

235 926 326 960 tate
346 921 639 972 distinguitur;
667 918 800 957 multa
820 921 930 957 enim
950 923 1048 956 sunt
1062 918 1189 956 verba
1204 931 1311 969 quae
1331 920 1446 970 quasi

235 983 395 1022 articuli
424 987 677 1021 connectunt
705 981 893 1019 membra
921 983 1116 1019 orationis
1145 993 1252 1032 quae
1281 979 1447 1019 formari

235 1045 503 1084 similitudine
531 1044 644 1082 nulla
670 1049 868 1095 possunt;
912 1056 1055 1081 eorum
1083 1042 1303 1094 fingendae
1331 1043 1448 1081 nobis

234 1113 333 1147 sunt
360 1110 562 1159 imagines
594 1107 741 1158 quibus
773 1118 937 1157 semper
966 1111 1157 1150 utamur3
1198 1118 1335 1143 rerum
1363 1117 1449 1143 me-

234 1173 364 1209 moria
378 1172 543 1221 propria
558 1174 623 1207 est
635 1171 828 1214 oratoris3
853 1181 946 1206 eam
961 1166 1130 1219 singulis
1145 1170 1328 1218 personis
1341 1167 1449 1206 bene

235 1235 377 1284 positis
410 1237 555 1270 notare
587 1243 802 1283 possumus
835 1235 883 1268 ut
921 1232 1151 1268 sententias
1187 1230 1449 1281 imaginibus,

151 1303 219 1336 360
236 1295 422 1334 ordinem
445 1294 543 1332 locis
571 1292 981 1344 comprehendamus.
1037 1291 1184 1344 Neque
1214 1305 1356 1330 verum
1385 1298 1450 1332 est

235 1357 347 1410 quod
368 1357 421 1395 ab
442 1357 643 1395 inertibus
665 1355 828 1401 dicitur,
849 1357 1024 1406 opprimi
1045 1356 1286 1393 memoriam
1306 1356 1450 1407 imagi-

235 1433 335 1458 num
371 1419 555 1471 pondere
590 1424 634 1457 et
672 1419 879 1456 obscurari
913 1419 1042 1455 etiam
1074 1417 1118 1456 id
1154 1416 1266 1468 quod
1298 1429 1373 1468 per
1404 1430 1450 1456 se

236 1488 385 1521 natura
422 1487 568 1520 tenere
606 1483 835 1532 potuisset3
887 1479 969 1518 vidi
1007 1482 1117 1518 enim
1155 1493 1234 1531 ego
1271 1493 1450 1519 summos

235 1544 421 1583 homines
456 1549 501 1583 et
534 1543 672 1582 divina
704 1555 833 1594 prope
866 1544 1079 1588 memoria,
1114 1541 1290 1580 Athenis
1324 1541 1449 1580 Char-

235 1607 415 1653 madam,
435 1609 478 1644 in
501 1606 615 1652 Asia,
635 1619 760 1657 quem
782 1607 918 1643 vivere
942 1603 1064 1642 hodie
1087 1607 1218 1650 aiunt,
1237 1603 1448 1655 Scepsium

238 1669 539 1714 Metrodorum,
573 1681 747 1720 quorum
781 1673 957 1718 uterque
991 1672 1192 1718 tanquam
1224 1666 1373 1704 litteris
1405 1669 1448 1705 in

236 1745 331 1770 cera
347 1734 403 1770 sic
421 1744 464 1769 se
483 1731 623 1769 aiebat
639 1730 886 1782 imaginibus
903 1731 946 1767 in
964 1731 1022 1767 eis
1039 1729 1136 1767 locis
1154 1741 1256 1780 quos
1273 1727 1448 1768 haberet

236 1808 343 1846 quae
391 1796 626 1832 meminisse
675 1792 801 1831 vellet
849 1792 1114 1843 perscribere.
1184 1790 1323 1839 Quare
1371 1790 1448 1830 hac

350 1942 366 1959 ⁰
390 1938 465 1971 The
483 1938 610 1981 phrase
627 1936 774 1969 denotes
793 1936 889 1969 what
906 1947 957 1969 we
974 1934 1043 1968 call
1061 1936 1068 1948 ⁸
1086 1935 1331 1978 perspective.'

417 1981 431 2001 ⁶
456 1981 576 2015 Cato’s
593 1980 668 2014 rule
686 1990 757 2013 was
774 1979 862 2012 Rem
879 1984 965 2018 tene,
983 1979 1087 2012 verba
1103 1982 1303 2021 sequentur.

319 2029 332 2045 ⁶
358 2025 598 2068 Prepositions
614 2022 687 2057 and
703 2023 951 2066 conjunctions
966 2033 1027 2056 are
1041 2021 1212 2066 specially
1229 2025 1360 2057 meant.

232 2083 309 2118 470
