1560 2294
778 128 982 168 CICERO

273 234 455 284 terisque
485 234 587 271 meis
617 233 808 278 testibus,
839 245 1013 284 quorum
1042 234 1281 271 testimonia
1310 246 1392 272 non
1420 246 1485 273 re·

274 286 468 333 fellendo,
481 287 555 325 sed
569 286 622 325 ad
636 287 814 325 eundem
833 289 1036 338 impetum
1049 287 1190 338 populi
1209 286 1483 340 confugiendo

274 340 478 380 refutasti.
547 341 666 389 Quae
700 354 794 379 cum
829 342 902 379 abs
948 347 992 380 te
1035 341 1158 380 modo
1193 355 1485 382 commemora-

192 408 258 441 204
275 401 431 441 rentur,
446 396 638 447 equidem
652 395 763 433 nulla
782 401 1005 447 praecepta
1019 395 1328 443 desiderabam;
1353 399 1485 448 ipsam

275 456 418 489 tamen
442 452 564 488 istam
590 450 985 488 demonstrationem
1010 449 1296 490 defensionum
1320 456 1486 490 tuarum

275 505 348 544 abs
395 510 438 543 te
485 507 573 556 ipso
613 510 977 543 commemoratam
1021 505 1250 544 doctrinam
1282 518 1372 544 esse
1403 519 1486 545 non

276 558 526 598 mediocrem
545 564 660 610 puto.

326 614 472 665 Atqui,
505 615 539 651 si
571 616 632 651 ita
667 612 819 664 placet,
852 615 988 664 inquit
1020 613 1243 660 Antonius,
1274 613 1487 653 trademus

281 670 422 713 etiam,
446 681 553 719 quae
581 680 655 706 nos
678 669 795 719 sequi
822 669 865 705 in
891 667 1064 706 dicendo
1091 680 1282 720 quaeque
1307 671 1487 707 maxime

281 728 468 774 spectare
497 721 704 767 solemus;
741 721 882 760 docuit
909 724 1019 760 enim
1046 725 1130 761 iam
1154 735 1228 761 nos
1253 722 1377 775 longa
1403 725 1488 762 vita

281 790 459 828 ususque
486 790 623 815 rerum
652 778 939 822 maximarum,
963 781 1011 814 ut
1040 777 1188 828 quibus
1213 777 1337 819 rebus
1363 779 1487 816 animi

280 831 491 870 hominum
509 835 773 869 moverentur
791 836 1040 869 teneremus.

197 893 262 926 205
333 885 403 924 LI.
433 885 638 937 Equidem
651 887 829 936 primum
843 885 1100 923 considerare
1115 884 1239 931 soleo,
1253 885 1491 936 postuletne

281 952 432 986 causa3
469 953 565 978 nam
587 952 724 991 neque
746 942 880 990 parvis
903 942 946 977 in
967 939 1089 977 rebus
1113 939 1372 979 adhibendae
1395 945 1492 979 sunt

281 994 360 1033 hae
386 994 548 1033 dicendi
573 993 683 1032 faces
709 1007 846 1045 neque
871 996 931 1032 ita
957 996 1147 1032 animatis
1172 993 1418 1040 hominibus,
1443 1000 1492 1033 ut

281 1049 381 1087 nihil
409 1049 463 1087 ad
487 1062 629 1087 eorum
652 1054 815 1086 mentes
839 1050 1025 1086 oratione
1045 1047 1270 1087 flectendas
1293 1048 1491 1100 proficere

280 1106 495 1156 possimus,
514 1116 566 1141 ne
591 1108 664 1141 aut
685 1105 868 1141 irrisione
887 1108 961 1141 aut
983 1102 1077 1141 odio
1095 1102 1209 1155 digni
1231 1109 1440 1154 putemur,
1457 1105 1491 1143 si

282 1163 356 1196 aut
374 1157 609 1210 tragoedias
624 1170 794 1209 agamus
808 1159 851 1194 in
865 1158 984 1208 nugis
1000 1162 1073 1195 aut
1091 1156 1320 1196 convellere
1335 1157 1491 1196 adoria-

198 1219 264 1253 206
281 1226 373 1251 mur
388 1225 451 1258 ea,
467 1224 574 1264 quae
592 1225 675 1250 non
692 1213 850 1262 possint
863 1213 1122 1250 commoveri.
1175 1211 1280 1250 Iam¹
1297 1214 1491 1264 quoniam

281 1266 384 1305 haec
411 1265 499 1305 fere
522 1268 702 1304 maxime
726 1271 824 1304 sunt
850 1267 893 1303 in
914 1265 1095 1304 iudicum
1119 1267 1279 1312 animis,
1307 1271 1381 1305 aut
1403 1269 1492 1318 qui-

281 1334 458 1372 cumque
482 1320 539 1358 illi
565 1326 700 1366 erunt,
726 1319 837 1372 apud
861 1333 962 1371 quos
988 1333 1172 1371 agemus,
1197 1322 1382 1359 oratione
1406 1334 1492 1359 mo-

280 1375 432 1421 lienda,
454 1388 580 1420 amor,
601 1374 755 1420 odium,
774 1374 998 1420 iracundia,
1018 1374 1183 1420 invidia,
1202 1375 1492 1422 misericordia,

282 1443 390 1482 spes,
404 1429 579 1475 laetitia,
599 1431 736 1475 timor,
755 1428 959 1475 molestia,
978 1431 1178 1467 sentimus
1198 1442 1380 1468 amorem
1399 1443 1494 1468 con-

282 1485 422 1530 ciliari,
446 1487 478 1522 si
505 1484 547 1522 id
574 1483 754 1529 videare,
778 1483 889 1535 quod
914 1485 968 1522 sit
995 1483 1097 1522 utile
1122 1485 1234 1534 ipsis,
1257 1483 1368 1535 apud
1390 1497 1492 1536 quos

285 1552 398 1591 agas,
419 1537 659 1584 defendere,
682 1543 755 1576 aut
776 1540 809 1576 si
837 1551 911 1588 pro
931 1538 1048 1576 bonis
1070 1539 1163 1576 viris
1190 1542 1264 1576 aut
1284 1543 1398 1577 certe
1418 1551 1492 1590 pro

287 1596 359 1639 eis,
371 1595 442 1645 qui
456 1593 533 1631 illis
548 1593 644 1631 boni
658 1598 784 1644 atque
800 1592 922 1630 utiles
937 1594 1034 1638 sint,
1045 1591 1244 1631 laborare.
1302 1591 1492 1645 Namque

286 1647 388 1686 haec
418 1660 484 1686 res
517 1660 699 1686 amorem
730 1649 861 1698 magis
894 1646 1096 1692 conciliat,
1127 1646 1197 1684 illa
1228 1648 1390 1685 virtutis
1422 1646 1492 1686 de-

284 1701 415 1741 fensio
433 1704 650 1740 caritatem
668 1714 678 1747 ;
709 1701 884 1752 plusque
900 1701 1075 1752 proficit,
1092 1702 1126 1738 si
1142 1703 1383 1752 proponitur
1399 1714 1493 1752 spes

285 1757 476 1796 utilitatis
522 1755 688 1795 futurae
730 1769 855 1807 quam
895 1757 1110 1806 praeteriti
1157 1754 1344 1794 beneficii
1385 1768 1493 1794 com-

203 1823 267 1856 207
286 1813 538 1850 memoratio.
596 1810 848 1849 Enitendum
878 1814 955 1856 est,
985 1814 1032 1848 ut
1060 1809 1252 1848 ostendas
1281 1811 1325 1848 in
1355 1822 1406 1849 ea
1433 1822 1493 1856 re,

289 1935 317 1967 a
334 1890 345 1910 ¹
372 1890 462 1924 Iam.
505 1888 688 1931 Madviq’e
701 1889 893 1922 correction
902 1888 968 1931 sor
985 1887 1039 1921 the
1055 1887 1328 1931 inappropriato
1345 1886 1443 1921 Nam
1455 1887 1498 1932 os

315 1945 343 1968 ιθ
360 1942 435 1968 MSS.

478 2039 494 2056 ⁶
518 2034 684 2078 Reading
699 2037 762 2067 aut
778 2034 811 2067 ni
826 2035 882 2067 for
897 2033 957 2067 the
972 2033 1006 2067 ei
1020 2037 1082 2067 auc
1097 2034 1139 2067 of
1150 2033 1210 2067 the
1224 2042 1302 2068 uu.

287 2096 362 2132 348
