1560 2294
756 106 960 147 CICERO

251 222 334 248 non
353 208 560 257 habuerit,
579 213 788 262 sapienter
807 213 983 250 caruisse
999 223 1010 257 3
1043 213 1076 250 si
1096 212 1292 258 amiserit,
1320 211 1459 250 mode·

251 296 341 331 rate
360 292 502 331 tulisse
518 305 528 338 ;
561 293 726 339 deinde,
746 293 846 345 quid
865 296 1074 345 sapienter
1091 296 1139 340 is,
1159 307 1284 346 quem
1302 293 1460 340 laudet,

252 374 352 426 quid
366 374 604 422 liberaliter,
622 375 721 427 quid
737 374 914 422 fortiter,
932 375 1031 428 quid
1047 378 1170 422 iuste,
1187 375 1287 428 quid
1302 377 1459 428 magni-

252 456 340 503 fice,
378 457 478 509 quid
513 459 595 509 pie,
633 458 733 510 quid
769 463 902 510 grate,
940 459 1039 510 quid
1075 458 1323 505 humaniter,
1360 457 1459 510 quid

252 539 429 592 denique
463 553 556 578 cum
581 540 717 592 aliqua
741 543 894 579 virtute
926 546 999 580 aut
1021 540 1181 588 fecerit,
1206 546 1280 580 aut
1302 539 1457 579 tulerit.

251 622 380 669 Haec,
404 627 449 661 et
478 636 585 675 quae
612 628 709 662 sunt
736 625 823 662 eius
849 626 1026 676 generis,
1045 622 1164 662 facile
1191 623 1362 669 videbit,
1389 624 1459 676 qui

251 704 362 743 volet
379 704 547 744 laudare
566 718 576 752 ;
610 711 655 744 et
673 708 742 758 qui
761 708 1009 758 vituperare,
1028 709 1243 745 contraria.

196 791 239 823 47
303 786 385 825 Cur
422 790 548 840 igitur
589 787 768 835 dubitas,
808 790 943 841 inquit
984 788 1169 835 Catulus,
1206 787 1343 827 facere
1383 787 1460 827 hoc

251 872 421 908 tertium
440 883 586 923 genus,
606 873 800 923 quoniam
820 875 884 910 est
902 873 945 909 in
963 873 1123 910 ratione
1142 884 1279 910 rerum
1297 871 1313 910 ?
1367 870 1459 910 Non

251 955 375 999 enim,
394 955 428 991 si
447 958 512 992 est
529 952 701 1000 facilius,
722 967 771 992 eo
790 954 843 993 de
862 967 1033 994 numero
1053 967 1218 1007 quoque
1237 959 1302 993 est
1321 966 1459 992 excer-

250 1035 445 1087 pendum.
501 1035 609 1085 Quia
644 1035 753 1083 nolo,
789 1038 938 1089 inquit,
975 1039 1125 1083 omnia,
1162 1048 1269 1089 quae
1306 1035 1459 1075 cadunt

252 1118 470 1169 aliquando
497 1121 540 1157 in
566 1124 786 1165 oratorem,
814 1121 998 1172 quamvis
1027 1122 1178 1172 exigua
1203 1121 1300 1165 sint,
1327 1131 1378 1157 ea
1403 1120 1461 1158 sie

251 1206 444 1247 tractare,
468 1203 584 1253 quasi
613 1201 712 1239 nihil
734 1203 864 1253 possit
892 1201 971 1240 dici
994 1204 1081 1240 sine
1104 1203 1335 1253 praeceptis
1364 1203 1459 1239 suis.

189 1290 235 1324 48
253 1282 359 1322 Nam
387 1288 432 1322 et
462 1285 745 1322 testimonium
773 1297 898 1335 saepe
929 1283 1148 1323 dicendum
1177 1289 1256 1330 est,
1284 1297 1332 1322 ac
1361 1296 1461 1322 non-

252 1379 462 1418 nunquam
479 1368 605 1405 etiam
621 1368 863 1413 accuratius,
878 1372 927 1405 ut
941 1366 1040 1405 mihi
1057 1369 1184 1405 etiam
1198 1379 1366 1405 necesse
1380 1364 1461 1404 fuit

252 1451 294 1487 in
327 1448 421 1487 Sex.
451 1448 619 1495 Titium,
653 1449 892 1488 seditiosum
925 1451 1056 1488 civem
1085 1454 1130 1488 et
1162 1448 1460 1488 turbulentum.

254 1531 464 1582 Explicavi
493 1534 536 1570 in
569 1545 618 1571 eo
646 1534 884 1571 testimonio
912 1531 1100 1578 dicendo,
1129 1533 1266 1570 omnia
1297 1531 1461 1570 consilia

254 1613 488 1653 consulatus
514 1616 610 1660 mei,
638 1614 785 1666 quibus
811 1614 868 1652 illi
894 1614 1059 1653 tribuno
1086 1613 1216 1666 plebis
1242 1626 1316 1665 pro
1342 1626 1462 1665 repu-

254 1696 360 1736 blica
378 1698 635 1742 restitissem,
655 1709 845 1749 quaeque
865 1697 918 1735 ab
939 1710 987 1735 eo
1008 1701 1150 1735 contra
1168 1695 1462 1741 rempublicam

254 1778 366 1818 facta
392 1779 625 1825 arbitrarer,
645 1781 828 1831 exposui.
886 1779 969 1818 Diu
995 1784 1182 1817 retentus
1209 1791 1313 1824 sum,
1331 1777 1463 1817 multa

256 1861 406 1907 audivi,
425 1861 557 1900 multa
579 1861 782 1913 respondi.
839 1861 948 1899 Num
971 1863 1097 1914 igitur
1118 1860 1269 1913 placet,
1287 1873 1381 1899 cum
1409 1859 1462 1899 de

257 1943 493 1997 eloquentia
522 1946 762 1995 praecipias,
793 1943 947 1996 aliquid
977 1945 1104 1982 etiam
1134 1942 1187 1982 de
1217 1944 1461 1982 testimoniis

256 2069 334 2105 232
