1560 2294
764 125 968 165 CICERO

261 231 401 268 rustici
416 229 550 268 solent
564 229 700 268 dicere
715 232 758 268 in
772 243 932 268 summa
947 230 1155 277 ubertate,
1166 233 1275 270 inest
1288 231 1468 270 luxuries

261 292 480 343 quaedam,
500 305 607 344 quae
626 291 734 344 stylo
753 292 1013 344 depascenda
1032 298 1108 332 est.

199 363 243 397 97
313 354 391 392 Hic
420 353 648 406 Sulpicius:
680 354 754 393 Me
783 355 964 407 quidem,
994 357 1142 408 inquit,
1169 361 1283 395 reete
1311 369 1467 402 mones,

261 416 385 468 idque
408 416 508 455 mihi
531 422 696 469 gratum
722 423 813 456 est:
852 417 926 456 sed
948 431 1000 456 ne
1024 423 1069 457 te
1093 418 1274 470 quidem,
1298 418 1468 465 Antoni,

259 478 436 518 multum
455 482 706 531 scriptitasse
726 480 910 519 arbitror.

311 541 417 580 Tum
440 542 529 581 ille:
560 542 688 590 Quasi
716 555 826 588 vero,
854 545 1002 595 inquit,
1031 557 1114 582 non
1142 556 1193 582 ea
1219 546 1467 595 praecipiam

260 603 363 650 aliis,
390 617 496 656 quae
523 604 623 643 mihi
650 607 726 656 ipsi
753 605 917 644 desint:
959 605 1033 644 sed
1059 611 1201 644 tamen
1226 619 1280 645 ne
1306 606 1468 645 tabulas

261 666 429 717 quidem
450 667 650 706 conficere
667 669 888 706 existimor.
947 668 1100 707 Verum
1116 674 1160 707 et
1180 671 1223 706 in
1243 668 1334 715 hoc,
1350 682 1402 707 ex
1421 682 1466 707 re

261 728 449 767 familiari
467 743 575 776 mea,
595 735 639 768 et
657 732 699 768 in
717 730 799 776 illo,
818 744 871 769 ex
890 744 953 777 eo,
972 731 1083 782 quod
1101 731 1205 777 dico,
1224 731 1467 783 quantulum

199 798 243 831 98
260 791 302 830 id
325 805 500 844 cumque
524 798 602 838 est,
624 792 723 844 quid
745 791 907 839 faciam,
929 793 1098 832 iudicari
1119 799 1271 845 potest.
1326 794 1467 846 Atque

261 867 350 893 esse
373 860 515 893 tamen
537 854 688 894 multos
711 855 909 901 videmus,
933 859 1002 908 qui
1025 858 1233 895 neminem
1254 859 1468 896 imitentur

261 922 305 955 et
324 923 471 968 suapte
494 922 657 963 natura,
677 918 788 970 quod
807 918 948 964 velint,
968 921 1055 957 sine
1073 921 1312 971 cuiusquam
1331 918 1467 958 simili-

259 979 404 1018 tudine
424 985 740 1032 consequantur.
798 980 920 1029 Quod
940 986 984 1020 et
1002 984 1045 1019 in
1063 982 1176 1020 vobis
1196 981 1466 1020 animadverti

259 1047 372 1080 recte
397 1048 552 1094 potest,
577 1042 729 1081 Caesar
754 1049 798 1082 et
823 1043 976 1090 Cotta3
1017 1057 1190 1096 quorum
1215 1044 1320 1083 alter
1343 1047 1466 1084 inusi-

259 1109 395 1143 tatum
422 1108 570 1143 nostris
594 1106 761 1157 quidem
787 1107 1015 1145 oratoribus
1040 1106 1223 1158 leporem
1245 1107 1465 1159 quemdam

259 1172 305 1206 et
323 1167 465 1211 salem,
486 1168 591 1206 alter
611 1171 889 1207 acutissimum
910 1174 954 1207 et
977 1169 1285 1208 subtilissimum
1304 1169 1465 1209 dicendi

259 1243 389 1282 genus
419 1236 483 1269 est
511 1236 766 1269 consecutus.
819 1231 965 1283 Neque
994 1245 1090 1271 vero
1119 1237 1256 1271 vester
1284 1232 1464 1284 aequalis

260 1292 395 1339 Curio,
440 1298 574 1344 patre,
618 1306 713 1332 mea
757 1297 979 1340 sententia,
1023 1293 1090 1333 vel
1133 1294 1465 1347 eloquentissimo

260 1356 512 1406 temporibus
533 1355 624 1402 illis,
645 1369 895 1408 quemquam
915 1356 1014 1395 mihi
1033 1370 1283 1410 magnopere
1305 1357 1466 1397 videtur

259 1420 410 1456 imitari
428 1431 438 1463 3
475 1421 544 1470 qui
566 1424 708 1457 tamen
730 1419 946 1458 verborum
966 1422 1171 1472 gravitate
1194 1425 1238 1459 et
1259 1419 1466 1473 elegantia

258 1486 304 1518 et
337 1483 454 1532 copia
487 1494 603 1519 suam
638 1481 859 1533 quamdam
894 1485 1096 1534 expressit
1129 1485 1245 1534 quasi
1278 1482 1465 1530 formam,

259 1542 514 1595 figuramque
529 1543 715 1582 dicendi:
745 1544 854 1596 quod
871 1558 948 1597 ego
963 1547 1141 1584 maxime
1156 1547 1272 1596 potui
1287 1545 1465 1585 iudicare

258 1607 300 1644 in
326 1618 375 1644 ea
399 1619 535 1652 causa,
560 1619 684 1658 quam
708 1606 775 1645 ille
800 1613 942 1646 contra
965 1621 1033 1646 me
1059 1608 1168 1659 apud
1192 1611 1464 1648 centumviros

258 1681 331 1719 pro
344 1667 539 1707 fratribus
555 1667 687 1707 Cossis
701 1668 831 1715 dixit3
859 1672 901 1707 in
915 1683 997 1722 qua
1010 1669 1110 1708 nihil
1122 1670 1179 1708 illi
1193 1669 1340 1717 defuit,
1354 1671 1464 1723 quod

258 1743 340 1769 non
361 1730 483 1769 modo
506 1733 705 1782 copiosus,
727 1731 800 1770 sed
823 1735 949 1770 etiam
971 1735 1132 1784 sapiens
1154 1738 1291 1772 orator
1310 1732 1463 1772 habere

258 1792 444 1832 deberet.

196 1866 240 1899 99
310 1855 461 1894 XXIV.
490 1855 658 1902 Verum,
677 1861 726 1895 ut
744 1855 963 1908 aliquando
982 1857 1035 1896 ad
1054 1871 1195 1896 causas
1215 1857 1465 1898 deducamus

259 1917 386 1963 illum,
409 1931 533 1969 quem
557 1921 856 1965 constituimus,
881 1925 925 1958 et
948 1933 1017 1958 eas
1044 1921 1224 1971 quidem,
1250 1923 1292 1958 in
1318 1922 1464 1973 quibus

259 1979 486 2030 plusculum
524 1983 680 2033 negotii
719 1987 797 2028 est,
835 1982 1074 2021 iudiciorum
1114 1988 1241 2035 atque
1280 1983 1464 2022 litium—

259 2090 336 2126 270
