1560 2294
740 97 945 138 CICERO

237 205 282 240 et
295 214 509 252 personae,
524 207 667 240 tamen
681 202 1008 255 intellegendum
1023 208 1102 250 est,
1116 216 1199 242 non
1218 216 1270 242 ex
1285 206 1358 251 eis,
1373 204 1446 244 sed

238 278 290 304 ex
327 279 480 318 genere
518 269 769 318 quaestionis
816 268 998 319 pendere
1041 281 1195 307 causas.
1251 268 1334 308 Sed
1368 269 1446 309 hoc

235 330 335 369 nihil
357 331 410 370 ad
430 344 523 378 me;
563 332 720 371 nullum
742 335 852 371 enim
873 334 989 372 nobis
1011 339 1223 373 certamen
1243 347 1337 373 cum
1357 337 1445 374 istis

236 409 325 435 esse
339 396 479 436 debet.
527 397 708 436 Tantum
723 401 822 437 satis
839 404 903 437 est
917 399 1103 452 intellegi
1118 413 1170 438 ne
1185 399 1262 439 hoc
1278 401 1446 453 quidem

236 475 305 500 eos
334 468 588 509 consecutos,
615 463 726 515 quod
753 467 796 502 in
825 470 944 503 tanto
972 467 1072 512 otio,
1101 468 1228 504 etiam
1255 468 1343 505 sine
1370 465 1446 506 hac

234 526 386 566 forensi
415 531 727 576 exercitatione,
756 530 917 569 efficere
944 536 1186 582 potuerunt,
1215 536 1264 570 ut
1291 545 1446 584 genera

234 606 371 632 rerum
388 593 669 633 discernerent
686 608 818 647 eaque
834 595 957 647 paulo
973 596 1161 636 subtilius
1179 596 1443 648 explicarent.

154 664 218 698 140
235 657 389 697 Verum
416 658 507 706 hoc,
536 665 584 699 ut
611 660 710 707 dixi,
738 659 838 699 nihil
867 661 921 700 ad
947 675 1029 700 me.
1087 661 1194 701 Illud
1221 661 1276 701 ad
1302 675 1371 702 me
1397 675 1446 702 ac

235 724 366 763 multo
390 727 517 764 etiam
542 728 674 778 magis
700 726 754 765 ad
778 740 864 773 vos,
887 726 1012 766 Cotta
1037 733 1177 766 noster
1199 733 1244 767 et
1265 727 1444 780 Sulpici:

235 803 317 842 quo
339 790 462 829 modo
491 804 599 830 nunc
627 804 672 830 se
700 794 872 831 istorum
900 798 1010 831 artes
1036 792 1208 840 habent,
1229 796 1444 845 pertimae-

234 855 366 895 cenda
389 861 454 895 est
476 856 700 896 multitudo
723 871 938 897 causarum
956 870 967 904 ;
1003 863 1067 897 est
1090 861 1200 898 enim
1218 858 1393 906 infinita,
1411 862 1445 899 si

233 922 276 958 in
287 923 470 972 personis
485 925 652 973 ponitur
670 935 681 969 ;
709 928 812 975 quot
826 923 1026 970 homines,
1041 929 1107 963 tot
1121 937 1290 971 causae3
1318 927 1380 964 sin
1392 925 1445 964 ad

233 999 434 1038 generum
442 990 651 1027 universas
659 991 922 1041 quaestiones
930 988 1180 1036 referuntur,
1187 992 1248 1029 ita
1258 990 1444 1031 modicae

234 1057 279 1090 et
301 1065 458 1103 paucae
477 1058 588 1099 sunt,
608 1058 656 1092 ut
679 1067 749 1093 eas
769 1068 912 1093 omnes
931 1055 1151 1107 diligentes
1175 1060 1220 1094 et
1241 1069 1444 1095 memores

234 1122 279 1155 et
307 1118 429 1156 sobrii
457 1124 639 1158 oratores
669 1132 882 1170 percursas
916 1123 1052 1159 animo
1081 1126 1126 1160 et
1153 1134 1281 1173 prope
1310 1121 1443 1161 dicam

232 1181 475 1222 decantatas
503 1183 658 1223 habere
696 1184 908 1231 debeant;
951 1188 1028 1224 nisi
1060 1184 1169 1225 forte
1198 1188 1442 1226 existimatis

233 1260 259 1285 a
286 1247 361 1286 Μ’.
390 1248 511 1287 Curio
538 1262 703 1288 causam
734 1249 922 1289 didicisse
957 1250 1004 1289 L.
1035 1250 1226 1290 Crassum
1252 1257 1298 1291 et
1323 1265 1374 1291 ea
1398 1265 1443 1291 re

233 1312 366 1352 multa
403 1314 605 1361 attulisse,
638 1328 764 1367 quam
796 1316 850 1354 ob
882 1329 971 1355 rem
1003 1321 1194 1368 postumo
1225 1331 1307 1356 non
1344 1322 1443 1357 nato

234 1377 402 1418 Curium
439 1385 583 1419 tamen
628 1379 826 1420 heredem
873 1380 1044 1433 Coponii
1082 1395 1171 1421 esse
1218 1388 1442 1434 oporteret.

153 1455 214 1488 141
235 1443 344 1482 Nihil
363 1444 417 1483 ad
434 1447 593 1497 copiam
614 1452 952 1499 argumentorum
966 1460 1102 1499 neque
1122 1447 1176 1486 ad
1194 1461 1342 1487 causae
1360 1451 1442 1488 vim

234 1522 282 1548 ac
300 1515 491 1549 naturam
516 1524 669 1550 nomen
694 1511 864 1563 Coponii
895 1517 969 1551 aut
994 1512 1105 1551 Curii
1124 1515 1337 1565 pertinuit.
1394 1513 1443 1553 In

232 1588 386 1628 genere
409 1581 500 1614 erat
521 1578 709 1615 universo
730 1579 790 1616 rei
812 1580 1066 1630 negotiique,
1087 1591 1171 1617 non
1191 1580 1234 1617 in
1255 1583 1442 1631 tempore

233 1654 280 1679 ac
302 1641 549 1688 nominibus,
568 1644 700 1681 omnis
720 1645 907 1694 quaestio
927 1657 936 1682 :
966 1656 1060 1682 cum
1087 1646 1285 1696 scriptum
1309 1646 1371 1683 ita
1388 1647 1443 1685 sit

231 1705 276 1745 Si
307 1704 398 1744 mihi
416 1705 533 1757 filius
557 1706 721 1759 genitur,
750 1706 857 1761 isque
878 1707 990 1760 prius
1018 1708 1186 1755 moritur,
1216 1713 1261 1748 et
1288 1714 1442 1756 cetera,

231 1776 307 1810 tum
354 1770 446 1809 mihi
490 1771 555 1810 ille
600 1770 649 1811 sit
694 1772 814 1818 heres,
861 1775 894 1811 si
936 1778 1057 1811 natus
1105 1773 1208 1812 filius
1254 1787 1337 1813 non
1374 1777 1442 1821 sit,

232 1835 474 1876 videaturne
498 1838 547 1883 is,
576 1839 646 1889 qui
675 1837 757 1876 filio
785 1843 948 1877 mortuo
979 1841 1194 1877 institutus
1224 1837 1344 1879 heres
1374 1841 1442 1886 sit,

637 1994 653 2011 ⁰
675 1990 743 2025 See
760 1989 863 2024 Book
881 1990 910 2029 1.
927 1994 944 2030 5
963 1994 1037 2025 180.

230 2056 305 2098 298
