1560 2294
760 121 964 161 CICERO

171 241 236 275 230
253 229 439 268 homines
467 227 647 266 audituri
673 225 934 264 videbuntur.
990 224 1169 264 Omnino
1194 225 1466 277 probabiliora

170 905 231 938 231

255 294 364 334 sunt,
384 301 491 340 quae
509 287 687 325 lacessiti
708 285 892 331 dicimus,
912 298 1037 337 quam
1056 298 1163 336 quae
1181 288 1350 337 priores,
1368 299 1465 325 nam

255 355 299 388 et
314 350 468 400 ingenii
484 347 672 385 celeritas
688 347 818 383 maior
834 350 912 391 est,
928 357 1035 396 quae
1052 351 1226 396 apparet
1240 347 1284 383 in
1297 358 1464 397 respon-

254 408 404 454 dendo,
425 413 470 446 et
488 406 758 445 humanitatis
778 410 842 443 est
860 407 1082 456 responsio.
1136 404 1334 443 Videmur
1353 407 1463 444 enirn

253 470 433 521 quieturi
455 466 595 512 fuisse,
619 467 696 503 nisi
720 477 901 503 essemus
923 464 1116 511 lacessiti,
1139 469 1188 503 ut
1209 467 1253 503 in
1274 467 1355 503 ista
1376 468 1465 517 ipsa

253 530 444 567 contione
469 526 570 565 nihil
592 525 680 564 fere
705 524 862 563 dictum
886 530 950 563 est
973 525 1026 563 ab
1048 523 1140 571 hoc,
1163 524 1275 576 quod
1297 525 1464 577 quidem

253 587 427 627 facetius
472 587 629 626 dictum
673 584 896 631 videretur,
941 584 1053 636 quod
1096 597 1178 623 non
1221 590 1464 636 provocatus

252 647 523 699 responderit.
584 645 687 684 Erat
708 650 850 683 autem
867 649 988 683 tanta
1002 646 1182 696 gravitas
1201 646 1245 682 in
1265 644 1463 691 Domitio,

254 713 374 746 tanta
409 708 645 752 auctoritas,
680 711 742 751 ut,
778 704 889 757 quod
924 709 1034 743 esset
1069 704 1122 742 ab
1157 717 1207 743 eo
1241 705 1464 751 obiectum,

253 768 392 819 lepore
411 769 543 819 magis
564 765 823 811 elevandum,
843 778 968 817 quam
988 766 1254 803 contentione
1273 763 1465 817 frangen-

255 828 354 866 dum
373 827 594 866 videretur.

305 887 435 926 LVII.
469 887 575 925 Tum
608 885 834 937 Sulpicius:
872 883 983 933 Quid
1014 884 1170 936 igitur?
1213 886 1361 937 inquit,
1392 899 1464 937 pa-

252 950 404 986 tiemur
442 946 675 991 Caesarem,
714 947 798 997 qui,
837 957 1074 996 quanquam
1111 943 1256 983 Crasso
1292 943 1462 984 facetias

253 1007 455 1052 concedit,
481 1012 624 1045 tamen
649 1005 780 1043 multo
805 1007 849 1043 in
875 1017 924 1043 eo
950 1003 1086 1042 studio
1111 1006 1242 1056 magis
1267 1007 1355 1056 ipse
1382 1004 1463 1043 ela-

253 1068 386 1113 borat,
409 1080 491 1105 non
514 1065 718 1117 explicare
740 1065 856 1103 nobis
879 1069 1016 1102 totum
1037 1076 1168 1116 genus
1190 1063 1267 1103 hoc
1287 1064 1462 1111 iocandi,

253 1127 374 1179 quale
403 1129 470 1172 sit,
488 1131 532 1164 et
561 1125 671 1164 unde
700 1125 898 1170 ducatur3
930 1126 1173 1175 praesertim
1191 1137 1285 1163 cum
1301 1129 1462 1164 tantam

253 1190 335 1225 vim
360 1192 404 1225 et
427 1186 653 1224 utilitatem
677 1185 769 1223 salis
795 1189 839 1222 et
862 1184 1107 1222 urbanitatis
1133 1196 1222 1222 esse
1245 1182 1461 1223 fateatur?

253 1246 365 1295 Quid
401 1248 448 1292 si,
487 1247 621 1297 inquit
660 1244 801 1290 Iulius,
837 1246 1037 1282 assentior
1074 1243 1256 1282 Antonio
1294 1243 1462 1291 dicenti,

171 1322 235 1356 232
254 1306 406 1345 nullam
438 1318 527 1344 esse
565 1310 699 1343 artem
736 1303 863 1342 salis?
918 1303 997 1341 Hic
1033 1316 1127 1342 cum
1164 1301 1363 1355 Sulpicius
1399 1317 1462 1343 re-

253 1369 463 1405 ticuisset:
521 1364 648 1413 Quasi
687 1377 797 1409 vero,
830 1366 965 1415 inquit
1004 1362 1186 1409 Crassus,
1224 1362 1370 1403 horum
1402 1367 1462 1416 ip-

255 1439 405 1471 sorum,
427 1425 480 1464 de
503 1425 651 1477 quibus
674 1424 878 1462 Antonius
900 1423 1055 1462 iamdiu
1076 1422 1270 1474 loquitur,
1293 1437 1356 1462 ars
1378 1423 1460 1462 ulla

256 1489 336 1525 sit:
380 1486 610 1524 observatio
640 1483 844 1536 quaedam
874 1488 952 1529 est,
981 1488 1029 1521 ut
1056 1485 1144 1534 ipse
1173 1482 1291 1529 dixit,
1321 1497 1460 1522 earum

256 1560 405 1592 rerum,
430 1558 536 1597 quae
561 1547 604 1582 in
628 1543 801 1582 dicendo
826 1542 993 1588 valent3
1032 1555 1139 1594 quae
1164 1545 1197 1581 si
1222 1542 1461 1595 eloquentes

254 1606 390 1645 facere
416 1611 570 1657 posset,
597 1607 686 1656 quis
713 1608 823 1642 esset
848 1616 930 1642 non
957 1602 1186 1654 eloquens?
1227 1602 1327 1651 Quis
1353 1606 1463 1642 enim

254 1666 357 1704 haec
388 1679 471 1704 non
502 1664 567 1703 vel
597 1663 731 1709 facile,
763 1662 829 1702 vel
859 1668 972 1701 certe
1005 1662 1140 1714 aliquo
1171 1662 1294 1701 modo
1323 1669 1464 1715 posset

255 1726 436 1764 ediscere
454 1725 471 1763 ?
525 1723 607 1762 Sed
621 1737 699 1776 ego
712 1726 755 1761 in
768 1722 829 1761 his
842 1725 1074 1774 praeceptis
1087 1721 1192 1760 hanc
1207 1725 1288 1761 vim
1302 1728 1346 1762 et
1358 1722 1462 1762 hanc

256 1785 482 1823 utilitatem
500 1797 589 1823 esse
608 1784 795 1829 arbitror,
813 1796 894 1821 non
912 1787 960 1820 ut
977 1781 1030 1820 ad
1046 1782 1348 1833 reperiendum,
1366 1783 1464 1835 quid

256 1845 452 1890 dicamus,
474 1850 563 1882 arte
585 1843 795 1888 ducamur,
817 1842 890 1880 sed
911 1847 958 1880 ut
979 1855 1028 1880 ea
1048 1855 1155 1893 quae
1175 1847 1337 1888 natura,
1357 1855 1463 1894 quae

257 1905 407 1950 studio,
421 1917 527 1956 quae
542 1906 837 1942 exercitatione
851 1904 1150 1953 consequimur,
1163 1907 1235 1940 aut
1247 1907 1360 1941 recta
1375 1915 1464 1941 esse

257 1964 508 2003 confidamus
543 1969 615 2002 aut
653 1975 778 2014 prava
815 1961 1118 2014 intellegamus,
1147 1975 1256 2008 cum,
1285 1975 1367 2014 quo
1403 1974 1465 2001 re-

259 2092 334 2128 368
