1560 2294
732 104 936 145 CICERO

228 213 394 259 oportet
413 208 512 260 quid
531 207 675 247 afferas
692 215 735 248 et
754 209 796 248 id
811 223 893 262 qua
911 223 956 248 re
975 212 1035 249 ita
1048 213 1102 250 sit
1121 212 1365 260 ostendere3
1392 220 1438 255 et

229 292 281 317 ex
305 279 460 318 eisdem
482 279 559 317 illis
582 279 678 318 locis
701 281 910 319 interdum
929 281 1184 329 concludere,
1207 283 1436 337 relinquere

229 349 327 388 alias
343 350 504 402 alioque
520 353 714 397 transire;
738 364 862 403 saepe
877 365 960 391 non
973 366 1200 405 proponere
1216 368 1264 393 ac
1277 358 1434 396 ratione

229 423 318 472 ipsa
341 420 549 460 afferenda
577 422 678 473 quid
698 423 1010 474 proponendum
1038 423 1178 471 fuerit,
1200 425 1407 467 declarare
1425 440 1436 474 ;

229 494 262 530 si
291 494 356 530 cui
393 492 493 544 quid
523 492 653 531 simile
689 493 814 540 dicas,
838 497 949 545 prius
977 500 1026 533 ut
1054 495 1184 534 simile
1208 498 1435 545 confirmes,

230 563 379 602 deinde
413 563 524 615 quod
562 566 712 616 agitur,
747 565 971 618 adiungas3
1017 569 1279 618 interpuncta
1317 582 1437 623 argu-

230 640 464 673 mentorum
501 634 744 687 plerumque
783 636 956 683 occulas,
989 651 1042 676 ne
1080 641 1170 690 quis
1209 652 1259 678 ea
1294 653 1436 680 nume-

231 718 322 745 rare
343 708 486 757 possit,
512 711 560 744 ut
588 719 632 745 re
656 706 975 760 distinguantur,
999 709 1131 748 verbis
1151 709 1319 750 confusa
1347 725 1437 752 esse

232 777 460 816 videantur.

151 861 213 894 178
282 848 417 887 XLII.
446 848 563 887 Haec
586 862 809 901 properans
832 856 880 889 ut
897 856 942 890 et
958 851 1069 903 apud
1088 852 1229 892 doctos
1252 859 1298 893 et
1318 858 1437 894 semi-

232 920 376 958 doctus
408 922 496 971 ipse
528 933 735 971 percurro,
767 926 815 960 ut
847 921 1066 974 aliquando
1099 924 1153 962 ad
1183 924 1253 963 illa
1283 928 1437 966 maiora

232 994 455 1030 veniamus.
512 990 622 1029 Nihil
643 997 707 1030 est
722 995 832 1031 enim
851 995 893 1030 in
914 993 1101 1040 dicendo,
1117 995 1278 1042 Catule,
1291 1000 1436 1044 maius,

232 1076 356 1114 quam
380 1067 428 1100 ut
453 1060 593 1101 faveat
615 1066 766 1102 oratori
785 1066 834 1110 is,
853 1066 923 1116 qui
943 1065 1098 1111 audiet,
1117 1072 1247 1119 utque
1270 1070 1358 1119 ipse
1381 1071 1437 1108 sic

231 1138 458 1178 moveatur,
474 1138 521 1171 ut
536 1135 695 1185 impetu
711 1135 889 1186 quodam
910 1138 1033 1174 animi
1053 1142 1097 1176 et
1110 1139 1437 1189 perturbatione,

228 1207 359 1257 magis
394 1217 518 1256 quam
561 1204 710 1244 iudicio
745 1211 818 1244 aut
856 1207 1020 1246 consilio
1062 1214 1244 1260 regatur.
1316 1210 1437 1250 Plura

229 1278 339 1314 enim
370 1275 501 1314 multo
532 1275 717 1315 homines
750 1277 934 1316 iudicant
965 1278 1058 1317 odio
1091 1285 1163 1319 aut
1194 1294 1332 1320 amore
1364 1288 1438 1322 aut

229 1347 457 1398 cupiditate
484 1352 558 1385 aut
582 1348 792 1386 iracundia
817 1354 890 1388 aut
916 1349 1054 1389 dolore
1081 1356 1154 1390 aut
1178 1351 1339 1391 laetitia
1364 1359 1437 1393 aut

231 1431 303 1469 spe
339 1423 412 1456 aut
445 1420 592 1457 timore
628 1424 701 1457 aut
736 1432 870 1459 errore
906 1426 978 1459 aut
1013 1421 1148 1474 aliqua
1181 1427 1436 1475 permotione

231 1492 396 1536 mentis,
411 1503 536 1541 quam
552 1492 727 1529 veritate
741 1497 813 1530 aut
826 1495 1077 1544 praescripto
1093 1499 1165 1532 aut
1185 1496 1280 1534 iuris
1296 1509 1437 1535 norma

151 1577 213 1610 179
232 1560 367 1612 aliqua
401 1566 474 1599 aut
506 1561 643 1600 iudicii
685 1560 860 1601 formula
894 1569 966 1602 aut
1008 1564 1179 1616 legibus.
1253 1566 1346 1615 Qua
1377 1580 1437 1614 re,

232 1634 305 1669 nisi
326 1632 426 1683 quid
444 1632 556 1670 vobis
577 1632 687 1671 aliud
704 1633 855 1684 placet,
875 1635 927 1673 ad
945 1635 1013 1673 illa
1031 1649 1262 1687 pergamus.

284 1702 470 1749 Paulum,
504 1706 638 1755 inquit
676 1703 860 1751 Catulus,
899 1708 1024 1744 etiam
1063 1720 1170 1745 nunc
1203 1707 1347 1748 deesse
1380 1713 1437 1749 vi-

232 1773 354 1812 detur
383 1776 441 1812 eis
472 1775 608 1820 rebus,
638 1775 808 1821 Antoni,
837 1790 938 1828 quas
973 1781 1211 1829 exposuisti,
1240 1780 1350 1831 quod
1382 1783 1436 1820 sit

231 1845 307 1883 tibi
337 1850 434 1883 ante
465 1845 766 1897 explicandum,
790 1861 914 1899 quam
940 1848 1034 1887 illuc
1061 1849 1328 1900 proficiscare,
1354 1865 1435 1903 quo

231 1921 274 1954 te
308 1915 406 1954 dicis
447 1917 675 1955 intendere.
737 1917 977 1966 Quidnam?
1022 1922 1168 1972 inquit.
1227 1920 1308 1969 Qui
1337 1922 1435 1962 ordo

230 1987 304 2024 tibi
349 1986 526 2038 placeat,
568 1990 701 2040 inquit
746 1988 930 2036 Catulus,
973 1996 1017 2029 et
1068 2004 1174 2043 quae
1226 1992 1436 2044 dispositio

230 2072 306 2106 324
