1560 2294
782 116 987 156 CICERO

195 229 260 262 233
277 220 448 261 ferenda
471 223 568 268 sint,
591 220 864 260 didicerimus.
920 220 1074 269 Quare,
1098 220 1263 268 Caesar,
1287 235 1366 275 ego
1389 235 1490 274 quo-

277 289 358 328 que
378 289 403 314 a
421 281 465 314 te
483 275 560 314 hoc
579 281 693 327 peto,
712 281 773 321 ut,
793 278 826 314 si
844 276 921 314 tibi
940 275 1116 322 videtur,
1136 276 1321 328 disputes
1340 276 1394 315 de
1411 275 1490 316 hoe

276 336 367 370 toto
380 330 542 369 iocandi
556 343 725 382 genere,
740 330 840 381 quid
854 332 1023 376 sentias,
1037 343 1090 368 ne
1106 344 1189 382 qua
1201 329 1310 369 forte
1325 330 1487 370 dicendi

276 398 384 437 pars,
402 387 596 436 quoniam
612 387 672 422 ita
690 384 886 430 voluistis,
903 386 946 422 in
962 383 1040 422 hoc
1056 384 1131 423 tali
1147 390 1284 431 coetu,
1301 390 1429 437 atque
1445 387 1488 424 in

277 445 366 478 tam
385 444 576 478 accurato
590 451 778 477 sermone
793 441 1020 490 praeterita
1036 451 1125 477 esse
1140 439 1341 478 videatur.
1398 439 1489 492 Ego

279 507 389 539 vero,
404 495 539 545 inquit
553 492 636 539 ille,
652 495 846 544 quoniam
862 493 1076 531 collectam
1092 506 1117 531 a
1131 496 1314 539 conviva,
1329 492 1489 540 Crasse,

279 550 424 600 exigis,
442 561 525 586 non
543 550 814 593 committam,
833 553 895 593 ut,
913 549 947 586 si
965 546 1210 600 defugerim,
1228 548 1305 587 tibi
1323 561 1489 587 causam

279 602 459 654 aliquam
475 602 571 640 dem
586 601 815 648 recusandi,
831 615 1068 654 quanquam
1083 601 1195 641 soleo
1210 615 1335 654 saepe
1350 604 1489 641 mirari

281 670 422 696 eorum
456 656 770 708 impudentiam,
806 658 876 708 qui
911 662 1042 709 agunt
1075 659 1118 694 in
1152 669 1275 695 scena
1308 662 1488 709 gestum,

280 716 496 763 spectante
514 711 660 749 Roscio
678 723 688 756 3
720 713 810 763 quis
829 713 939 749 enim
955 724 1045 749 sese
1063 724 1320 750 commovere
1335 716 1490 763 potest,

280 768 393 805 cuius
422 765 490 804 ille
521 767 621 804 vitia
649 778 732 803 non
761 765 935 804 videat?
988 764 1054 803 Sic
1083 778 1162 818 ego
1194 779 1316 811 nunc,
1345 764 1490 804 Crasso

282 820 492 866 audiente,
515 822 692 872 primum
717 819 862 871 loquar
887 819 940 858 de
965 818 1139 866 facetiis,
1160 825 1205 858 et
1229 819 1386 859 docebo
1409 833 1490 866 sus,

282 880 329 913 ut
357 877 488 921 aiunt,
516 879 722 913 oratorem
750 887 859 919 eum,
888 887 1012 926 quem
1041 888 1134 913 cum
1162 873 1333 913 Catulus
1361 887 1493 926 nuper

198 931 263 965 234
282 929 478 975 audisset,
498 927 507 941 ‘
526 927 694 967 foenum
715 928 813 967 alios
834 929 974 967 aiebat
997 941 1086 967 esse
1112 927 1331 980 oportere.'
1386 928 1492 967 Tum

280 983 348 1022 ille
367 996 377 1022 ε
426 983 658 1029 Iocabatur,
705 985 854 1034 inquit,
894 982 1079 1029 Catulus,
1117 985 1361 1034 praesertim
1398 996 1491 1022 cum

281 1041 341 1076 ita
374 1037 485 1076 dicat
517 1040 620 1089 ipse,
650 1042 698 1076 ut
731 1038 935 1076 ambrosia
967 1037 1138 1076 alendus
1169 1050 1258 1076 esse
1289 1037 1489 1076 videatur.

281 1091 435 1131 Verum
463 1097 522 1138 te,
549 1091 713 1138 Caesar,
734 1091 961 1138 audiamus,
981 1097 1028 1130 ut
1057 1091 1111 1130 ad
1139 1091 1310 1130 Antonii
1333 1091 1492 1144 reliqua

281 1146 511 1185 redeamus.
582 1146 639 1184 Et
676 1146 910 1184 Antonius:
954 1145 1165 1197 Perpauca
1193 1145 1362 1198 quidem
1391 1145 1490 1184 mihi

281 1206 456 1246 restant,
491 1203 652 1252 inquit3
702 1200 776 1239 sed
811 1205 967 1246 tamen,
1003 1199 1188 1239 defessus
1224 1203 1307 1239 iam
1352 1199 1491 1239 labore

283 1261 410 1307 atque
452 1257 602 1293 itinere
644 1254 934 1306 disputationis
976 1267 1110 1300 meae,
1152 1257 1407 1306 requiescam
1449 1257 1492 1293 in

283 1309 469 1348 Caesaris
494 1321 683 1347 sermone
706 1311 823 1361 quasi
852 1311 895 1347 in
924 1307 1061 1361 aliquo
1089 1314 1396 1361 peropportuno
1421 1308 1493 1348 de-

284 1377 474 1403 versono.

338 1417 491 1456 LVIII.
523 1417 667 1469 Atqui,
702 1419 838 1469 inquit
874 1417 1015 1463 Iulius,
1050 1430 1134 1456 non
1168 1419 1288 1456 nimis
1324 1417 1493 1456 liberale

285 1471 509 1524 hospitium
535 1485 675 1510 meum
703 1472 842 1511 dices:
885 1485 981 1510 nam
1008 1477 1053 1510 te
1080 1474 1123 1510 in
1150 1474 1271 1518 viam,
1299 1471 1419 1510 simul
1446 1485 1494 1510 ac

201 1533 266 1566 235
285 1526 528 1578 perpaulum
558 1529 750 1578 gustaris,
781 1526 1000 1565 extrudam
1032 1531 1076 1565 et
1107 1528 1264 1564 eiciam.
1333 1526 1410 1572 Ac,
1439 1539 1493 1565 ne

285 1582 438 1620 diutius
461 1594 531 1619 vos
554 1581 757 1626 demorer,
780 1580 833 1619 de
856 1583 966 1619 omni
989 1583 1068 1619 isto
1091 1593 1259 1632 genere,
1282 1580 1382 1632 quid
1403 1593 1494 1619 sen-

283 1638 399 1681 tiam,
424 1636 680 1686 perbreviter
705 1648 922 1686 exponam.
979 1635 1044 1673 De
1069 1637 1151 1673 risu
1176 1637 1358 1686 quinque
1383 1640 1493 1680 sunt,

331 1778 346 1794 ⁶
369 1773 501 1808 Caesar
525 1773 634 1808 refers
656 1775 694 1807 to
718 1773 772 1808 his
795 1773 1038 1817 forthcoming
1060 1772 1139 1806 talk
1160 1783 1200 1807 as
1222 1773 1254 1807 if
1272 1773 1302 1807 it
1327 1783 1420 1807 were
1441 1772 1496 1808 his

286 1817 529 1852 contribution
546 1820 584 1851 to
599 1828 622 1851 a
636 1817 740 1851 feast.

337 1861 350 1882 ὓ
375 1861 443 1895 See
461 1861 566 1895 Book
583 1861 614 1901 Ι.
631 1860 772 1895 liin-lxi.

338 1909 351 1925 ⁰
375 1904 461 1939 Said
477 1908 515 1939 to
530 1905 622 1938 have
636 1903 807 1938 tendered
823 1903 947 1938 advice
961 1907 999 1938 to
1014 1904 1075 1938 the
1090 1903 1255 1938 Goddess
1270 1905 1311 1938 of
1322 1903 1495 1939 Wisdom.

288 1949 466 1992 Compare
486 1949 547 1982 the
568 1948 718 1992 English
739 1948 891 1991 proverb
912 1959 952 1982 as
972 1951 1010 1982 to
1030 1959 1053 1981 a
1072 1947 1286 1991 grandchild
1307 1949 1432 1992 giving
1453 1949 1498 1983 its

287 1996 482 2027 ancestress
498 1993 593 2026 hints
610 2003 657 2026 on
719 1992 925 2036 g-sucking.

335 2036 350 2056 ‘¹
376 2037 427 2070 As
441 2038 601 2080 seeming
615 2036 681 2070 but
721 2039 799 2070 rute
813 2036 931 2070 beasts
946 2036 982 2069 in
997 2036 1223 2079 comparison
1238 2035 1323 2070 with
1338 2034 1499 2071 Crassus.

290 2093 366 2127 370
