1560 2294
733 93 937 134 CICERO

231 198 402 238 Catulus
426 211 554 237 senex
578 212 672 236 cum
701 198 747 237 C.
775 198 879 237 Iulio
902 197 1031 237 fratre
1055 201 1182 238 venit.
1221 197 1344 247 Quod
1367 200 1437 239 ubi

231 270 402 317 audivit,
434 275 662 309 commotus
697 269 865 308 Crassus
899 272 1076 308 surrexit
1109 283 1335 323 omnesque
1368 270 1439 310 ad-

229 344 366 380 mirati
385 343 584 380 maiorem
610 341 790 392 aliquam
817 354 906 379 esse
934 354 1100 380 causam
1126 354 1268 380 eorum
1289 341 1440 381 adven-

170 419 211 452 13
229 419 296 451 tus
325 415 520 464 suspicati
554 417 663 451 sunt.
719 411 801 460 Qui
834 426 927 451 cum
959 414 1069 451 inter
1096 426 1155 459 se,
1183 418 1232 452 ut
1258 415 1439 465 ipsorum

230 497 326 523 usus
352 483 530 530 ferebat,
560 485 802 522 amicissime
831 483 1184 523 consalutassent:
1228 483 1339 532 Quid
1366 498 1437 524 vos

231 555 402 594 tandem
420 555 436 593 ?
457 555 640 601 Crassus,
662 569 761 593 num
786 555 996 607 quidnam,
1016 557 1165 607 inquit,
1184 556 1308 594 novi?
1328 555 1439 595 Nihil

233 640 347 673 sane,
395 629 530 678 inquit
575 626 771 665 Catulus:
820 629 976 665 etenim
1019 626 1132 665 vides
1175 640 1264 666 esse
1306 627 1437 667 ludos.

234 698 316 738 Sed
354 698 436 752 (vel
473 703 521 736 tu
558 711 632 736 nos
665 699 828 749 ineptos
866 697 978 743 licet,
1006 699 1156 750 inquit,
1189 698 1255 737 vel
1293 698 1440 738 moles-

233 775 299 810 tos
323 769 463 822 putes)
487 782 581 808 eum
612 769 665 807 ad
694 782 762 807 me
792 771 835 806 in
864 768 1140 807 Tusculanum
1164 768 1254 808 heri
1279 772 1440 822 vesperi

234 844 414 881 venisset
442 840 593 879 Caesar
621 840 674 879 de
702 839 932 879 Tusculano
960 853 1048 886 suo,
1071 840 1178 879 dixit
1199 840 1313 887 mihi,
1341 854 1368 880 a
1394 854 1439 881 se

233 912 471 952 Scaevolam
509 911 603 950 hinc
640 917 811 950 euntem
849 924 938 950 esse
974 917 1238 958 conventum,
1272 925 1325 952 ex
1359 926 1440 965 quo

232 987 336 1022 mira
368 983 574 1036 quaedam
604 996 649 1022 se
682 983 844 1022 audisse
875 982 1070 1029 dicebat3
1110 988 1170 1030 te,
1197 996 1322 1035 quem
1348 998 1441 1037 ego,

233 1058 358 1095 toties
378 1058 488 1094 omni
511 1057 672 1093 ratione
695 1059 878 1100 tentans,
899 1054 952 1093 ad
975 1054 1270 1106 disputandum
1293 1055 1441 1095 elicere

232 1141 315 1166 non
331 1130 572 1179 potuissem,
587 1125 795 1178 permulta
814 1125 867 1164 de
889 1125 1127 1177 eloquentia
1145 1139 1239 1164 cum
1259 1126 1443 1168 Antonio

233 1199 485 1243 disseruisse,
515 1203 560 1236 et
587 1202 788 1248 tanquam
820 1199 863 1235 in
895 1195 1046 1243 schola,
1074 1210 1203 1249 prope
1233 1197 1286 1236 ad
1315 1198 1442 1238 Grae-

174 1281 217 1314 14
234 1283 373 1309 corum
393 1268 748 1314 consuetudinem,
768 1268 1013 1320 disputasse.
1054 1268 1120 1307 Ita
1138 1281 1206 1307 me
1224 1267 1354 1308 frater
1373 1282 1444 1309 ex-

235 1343 380 1387 oravit,
399 1354 452 1379 ne
471 1343 607 1392 ipsum
626 1339 794 1392 quidem
814 1353 839 1378 a
858 1339 995 1378 studio
1021 1339 1216 1378 audiendi
1234 1343 1353 1379 nimis
1373 1341 1444 1380 ab-

235 1412 487 1458 horrentem,
502 1412 576 1450 sed
590 1410 825 1450 mehercule
841 1416 1070 1458 verentem,
1084 1424 1138 1450 ne
1152 1411 1316 1450 molesti
1330 1412 1443 1451 vobis

234 1486 591 1529 interveniremus,
614 1488 662 1521 ut
690 1482 770 1521 huc
795 1495 936 1521 secum
967 1485 1176 1529 venirem;
1207 1481 1444 1523 Scaevolam

235 1558 391 1594 etenim
412 1557 473 1593 ita
494 1554 631 1593 dicere
653 1554 807 1600 aiebat,
828 1554 980 1592 bonam
1001 1559 1164 1605 partem
1186 1557 1382 1593 sermonis
1403 1557 1446 1594 in

234 1627 342 1665 hunc
364 1626 475 1665 diem
497 1639 586 1664 esse
609 1625 792 1664 dilatam.
848 1625 939 1663 Hoc
959 1627 993 1663 si
1014 1630 1061 1663 tu
1083 1625 1268 1676 cupidius
1289 1624 1447 1665 factum

235 1700 461 1743 existimas,
486 1697 651 1736 Caesari
677 1697 908 1742 attribues;
947 1698 981 1734 si
1005 1694 1257 1742 familiarius,
1283 1699 1447 1749 utrique

235 1775 441 1809 nostrum:
466 1781 539 1807 nos
553 1767 735 1820 quidem,
748 1770 824 1806 nisi
838 1766 946 1806 forte
961 1767 1124 1806 molesti
1138 1769 1446 1816 intervenimus,

238 1843 396 1878 venisse
416 1839 612 1878 delectat.

178 1920 219 1952 15
290 1910 360 1949 IV.
389 1911 494 1949 Tum
528 1910 723 1949 Crassus:
761 1909 982 1961 Equidem,
1011 1922 1297 1961 quaecumque
1326 1922 1449 1948 causa

239 1996 308 2021 vos
336 1981 416 2021 huc
443 1981 666 2028 attulisset,
694 1981 886 2027 laetarer,
909 1994 1002 2019 cum
1032 1980 1143 2032 apud
1171 1993 1238 2019 me
1267 1979 1449 2019 viderem

238 2058 315 2094 206
