1560 2294
781 121 985 160 CICERO

277 230 338 267 ita
363 229 417 266 sit
442 229 687 278 principium
713 228 983 278 consequenti
1007 228 1182 264 orationi
1207 230 1256 264 ut
1277 238 1360 264 non
1385 230 1490 264 tam-

278 315 403 353 quam
426 300 653 339 citharoedi
674 302 930 352 prooemium
953 299 1134 338 affictum
1157 299 1311 351 aliquid
1332 299 1406 338 sed
1425 313 1491 338 eo·

278 374 452 414 haerens
475 388 570 413 cum
593 376 704 413 omni
727 386 896 425 corpore
919 374 1152 412 membrum
1176 386 1265 412 esse
1288 373 1488 412 videatur.

279 448 387 487 Nam
432 462 516 487 non
565 447 680 494 nulli,
726 461 820 486 eum
869 447 971 485 illud
1016 447 1207 486 meditati
1258 447 1490 493 ediderunt,

279 525 336 562 sic
355 522 408 561 ad
431 522 589 574 reliqua
607 527 826 560 transeunt
844 526 893 560 ut
923 521 1178 559 audientiam
1197 521 1285 559 fieri
1310 521 1387 560 sibi
1409 534 1492 559 non

279 596 384 637 velle
407 596 636 634 videantur.
694 594 836 647 Atque
857 595 1056 633 eiusmodi
1078 595 1147 633 illa
1164 594 1342 646 prolusio
1364 594 1492 634 debet

281 683 385 716 esse,
400 683 483 708 non
502 675 550 708 ut
566 668 825 715 Samnitium,
841 671 911 721 qui
931 668 1094 707 vibrant
1112 667 1252 707 hastas
1272 673 1370 708 ante
1389 681 1492 721 pug-

281 758 378 783 nam
401 744 548 796 quibus
574 746 617 781 in
640 742 864 795 pugnando
890 741 991 780 nihil
1016 747 1204 788 utuntur,
1227 742 1301 781 sed
1326 747 1374 782 ut
1395 745 1491 794 ipsis

282 820 499 857 sententiis
519 817 666 869 quibus
686 816 934 868 proluserint
951 815 1017 854 vel
1034 829 1220 868 pugnare
1239 818 1408 867 possint.

199 897 265 930 326
338 890 513 930 Narrare
534 904 629 929 vero
648 903 737 929 rem
755 890 866 942 quod
884 890 1066 928 breviter
1083 890 1243 936 iubent,
1261 892 1295 928 si
1314 891 1493 929 brevitas

284 965 530 1017 appellanda
554 970 618 1003 est
641 978 735 1003 eum
754 964 925 1003 verbum
945 963 1102 1002 nullum
1121 963 1341 1010 redundat,
1360 964 1493 1004 brevis

286 1045 350 1078 est
387 1039 434 1077 L.
470 1038 603 1077 Crassi
636 1040 766 1076 oratio
785 1051 795 1084 ;
849 1040 912 1076 sin
948 1043 1040 1076 tum
1077 1043 1142 1076 est
1178 1038 1358 1077 brevitas
1400 1051 1495 1078 cum

285 1119 450 1152 tantum
466 1112 682 1151 verborum
698 1118 762 1151 est
783 1117 985 1164 quantum
1000 1125 1168 1150 necesse
1186 1117 1263 1158 est,
1276 1111 1495 1164 aliquando

285 1187 328 1226 id
348 1200 449 1238 opus
466 1192 544 1232 est,
566 1186 640 1224 sed
661 1199 785 1236 saepe
801 1186 920 1224 obest
940 1185 1005 1223 vel
1018 1188 1198 1224 maxime
1217 1187 1261 1224 in
1279 1186 1496 1232 narrando,

285 1274 367 1299 non
390 1260 522 1298 solum
546 1259 656 1311 quod
679 1259 974 1298 obscuritatem
998 1258 1116 1297 affert
1140 1259 1214 1298 sed
1237 1261 1364 1298 etiam
1387 1259 1497 1312 quod

287 1348 379 1373 eam
420 1336 617 1372 virtutem
661 1346 768 1384 quae
813 1335 1057 1371 narrationis
1104 1338 1168 1371 est
1211 1335 1406 1380 maxima,
1450 1338 1498 1372 ut

286 1407 463 1448 iucunda
481 1412 526 1445 et
543 1406 596 1445 ad
613 1406 947 1458 persuadendum
962 1406 1270 1446 accommodata
1288 1409 1357 1453 sit,
1376 1406 1496 1446 tollit.

287 1482 467 1521 Videant
485 1480 554 1518 illa

480 1581 565 1603 nam
582 1571 611 1603 is
627 1572 821 1612 postquam
837 1570 984 1603 excessit
1000 1580 1042 1603 ex
1057 1569 1204 1612 ephebis
1228 1594 1237 1604 .
1261 1593 1273 1604 .
1296 1591 1310 1606 0

202 1670 267 1703 327
287 1673 411 1712 quam
430 1659 553 1710 longa
574 1663 638 1696 est
658 1660 836 1696 narratio
856 1657 864 1696 !
925 1657 1063 1696 Mores
1085 1657 1355 1697 adolescentis
1374 1659 1500 1710 ipsius

288 1739 332 1772 et
369 1732 522 1771 servilis
561 1734 833 1782 percontatio,
867 1744 974 1769 mors
1021 1730 1243 1783 Chrysidis,
1281 1731 1417 1770 vultus
1457 1736 1502 1770 et

287 1806 419 1845 forma
445 1811 489 1844 et
514 1805 757 1843 lamentatio
784 1807 943 1850 sororis,
970 1804 1127 1856 reliqua
1152 1807 1338 1856 pervarie
1362 1807 1502 1843 iucun-

288 1880 424 1932 deque
462 1883 691 1917 narrantur.
755 1877 910 1926 Quodsi
948 1877 1054 1916 hanc
1090 1879 1339 1917 brevitatem
1376 1890 1501 1930 quae-

288 1956 434 1993 sisset:

682 2025 698 2042 ⁰
721 2021 887 2061 Terence,
904 2021 1052 2055 Andria
1067 2025 1123 2056 51.

288 2081 365 2115 444
