1508 2262
407 509 998 560 INTRODUCTION

311 617 429 656 DA‘rn
454 630 537 656 Am)
564 618 750 657 Punposn
777 631 827 657 or
853 631 935 657 'rim
962 619 1095 658 Wonx

103 712 194 751 Tm:
218 714 529 752 circumstances
554 716 597 752 in
621 713 751 753 which
780 714 920 753 Cicero
945 720 1072 754 wrote
1097 714 1159 754 his
1186 728 1304 767 essay

106 765 166 806 On
184 767 243 805 the
262 766 400 806 Orator
418 768 500 806 and
517 767 589 806 the
609 768 674 819 obj
681 774 748 807 eet
766 768 859 807 that
877 768 929 807 he
948 769 1031 808 had
1048 772 1090 807 in
1109 772 1210 808 view
1229 783 1306 808 can

104 820 358 914 pettinferred
378 820 483 860 from
505 822 577 861 the
599 821 804 875 following
825 822 943 862 three
964 837 1158 876 passages
1180 826 1223 862 in
1244 823 1306 862 his

121 888 143 914 e
185 888 276 914 ers:

194 954 258 987 Ad
282 954 445 988 Atticum
473 956 519 989 iv.
547 957 600 989 13.
623 957 645 988 2
669 955 891 998 (November
913 958 957 989 55
981 955 1075 998 B.c.).
1124 956 1180 990 De
1210 956 1309 990 libris

149 998 310 1031 oratoriis
333 998 471 1031 factum
493 1001 546 1032 est
568 1010 591 1032 a
613 1010 671 1032 me
693 999 883 1042 diligenter
896 1013 906 1033 ι
936 999 999 1033 diu
1022 999 1249 1042 multumque
1271 1001 1309 1033 in

151 1041 317 1075 manibus
332 1042 488 1075 fuerunt.

194 1100 258 1134 Ad
276 1101 377 1135 Fam.
397 1102 420 1135 i.
437 1104 470 1135 9.
486 1104 532 1135 23
550 1101 777 1145 (September
794 1105 839 1136 54
859 1102 952 1145 n.c.).
1001 1102 1135 1146 Scripsi
1154 1105 1310 1136 etiam—

150 1155 235 1178 nam
253 1144 300 1178 ab
318 1145 538 1178 orationibus
552 1145 701 1189 diiungo
717 1157 773 1179 me
788 1147 972 1189 referoque
986 1146 1033 1179 ad
1052 1148 1308 1180 mansuetiores

153 1188 290 1228 Musas,
314 1199 408 1231 quae
430 1200 488 1222 me
510 1199 607 1223 nunc
629 1191 784 1223 maxime
809 1191 900 1223 sicut
929 1191 1002 1223 iam
1026 1201 1048 1223 a
1076 1191 1191 1233 prima
1219 1190 1309 1223 adu-

150 1231 318 1265 lescentia
360 1231 695 1266 delectarunt—seri
722 1234 751 1266 si
796 1234 905 1276 igitur
948 1233 1154 1267 Aristotelio
1196 1245 1306 1273 more,

151 1275 457 1318 quemadmodum
488 1276 634 1319 quidem
655 1288 699 1310 vo
714 1278 762 1315 ui,
788 1279 857 1310 tres
878 1276 986 1310 libros
1006 1279 1042 1310 in
1065 1277 1306 1320 disputatione

152 1330 195 1352 ac
209 1318 353 1362 dialogo
371 1319 416 1353 de
437 1323 587 1359 oratore,
604 1331 695 1363 quos
721 1320 874 1354 arbitror
893 1321 1045 1354 Lentulo
1063 1324 1126 1354 tuo
1142 1332 1214 1354 non
1230 1322 1306 1354 fore

153 1362 292 1396 inutiles
307 1376 317 1402 ς
346 1363 540 1397 abhorrent
557 1365 652 1397 enim
672 1375 694 1397 a
712 1364 963 1397 communibus
982 1366 1179 1407 praeceptis
1197 1370 1306 1407 atque

152 1408 312 1439 omnium
357 1408 599 1449 antiquorum,
641 1410 676 1441 et
720 1407 964 1441 Aristoteliam
1007 1411 1043 1441 et
1085 1408 1304 1446 Isocratiam,

155 1451 329 1483 rationem
343 1452 536 1484 oratoriam
551 1450 847 1494 complectuntur.

198 1510 261 1543 Ad
279 1510 440 1543 Atticum
457 1511 529 1544 xiii.
550 1513 602 1544 19.
619 1513 641 1544 4
659 1510 719 1553 (45
735 1510 829 1553 n.c.).
878 1510 972 1545 Sunt
986 1513 1095 1545 etiam
1110 1511 1155 1545 de
1170 1515 1310 1545 oratore

153 1555 263 1587 nostri
278 1557 348 1587 tres
363 1553 485 1596 (libri),
499 1554 587 1587 mihi
601 1555 828 1588 vehementer
842 1555 995 1597 probati.
1046 1555 1089 1588 In
1101 1557 1150 1589 eis
1166 1566 1311 1598 quoque

153 1608 215 1630 eae
235 1608 407 1639 personae
425 1601 509 1631 sunt
528 1601 569 1631 ut
587 1598 675 1631 mihi
694 1597 888 1631 tacendum
908 1599 1028 1638 fuerit,
1048 1598 1196 1632 Crassus
1215 1601 1311 1632 enim

154 1640 321 1683 loquitur,
338 1641 529 1680 Antonius,
551 1641 698 1675 Catulus
719 1653 837 1681 senex,
854 1641 893 1675 C.
915 1641 1028 1675 Iulius
1050 1643 1160 1676 frater
1181 1641 1311 1681 Catuli,

154 1683 270 1723 Cotta,
287 1683 476 1727 Sulpicius.
525 1685 639 1718 Puero
655 1696 712 1718 me
728 1685 786 1718 hic
801 1696 917 1718 sermo
933 1685 1124 1725 inducitur,
1137 1689 1177 1719 ut
1194 1685 1313 1719 nullae

154 1738 229 1761 esse
250 1731 396 1770 possent
417 1731 536 1771 partes
567 1740 678 1762 meae.
728 1728 831 1770 Quae
862 1732 984 1762 autem
1015 1729 1069 1762 his
1091 1729 1314 1772 temporibus

161 1771 229 1814 [ia.
253 1774 297 1804 45
322 1771 402 1814 13.c.]
427 1773 551 1814 scripsi
574 1772 819 1805 Aristotelium
844 1783 981 1806 morem
1011 1772 1157 1812 habent,
1180 1775 1217 1806 in
1241 1784 1314 1815 quo

157 1825 271 1891 εει-ΞΟ
294 1816 344 1848 ita
364 1814 544 1848 inducitur
565 1819 763 1849 ceterorum
786 1819 826 1849 ut
843 1826 953 1858 penes
976 1817 1094 1859 ipsum
1117 1818 1162 1850 sit
1183 1818 1314 1860 princi-

157 1868 204 1900 pa
246 1869 273 1892 s.

164 1926 238 1965 We
258 1926 352 1965 thus
371 1927 456 1965 lear
577 1933 595 1965 t
615 1927 755 1966 Cicero
775 1927 947 1966 finished
965 1927 1037 1967 the
1057 1929 1164 1967 book
1182 1931 1224 1966 in
1243 1928 1315 1967 the

114 1980 385 2053 ἓξὲξ-Ἧι·
462 1986 509 2020 55
529 1995 619 2029 B.c.,
635 1981 754 2020 when
771 1981 824 2021 he
841 1982 924 2021 had
940 1983 1048 2021 been
1064 1983 1246 2035 working
1263 1996 1316 2021 on
1341 1968 1404 2025 (c

1430 2020 1463 2044 Γ
1469 2035 1499 2044 ««

1274 2048 1316 2083 ix
1366 2051 1429 2096 A<
1458 2044 1498 2074 ‘s
