1560 2294
721 111 925 152 CICERO

216 220 402 259 homines
421 218 521 257 mihi
541 219 766 257 carissimos
788 222 832 256 et
852 219 1114 256 amicissimos
1134 230 1144 263 ;
1178 217 1252 256 sed
1271 223 1428 266 tamen,

217 300 312 326 vere
331 286 479 331 dicam,
498 285 666 336 quaevis
684 282 851 321 mallem
868 281 1029 329 fuisset,
1048 296 1174 335 quam
1191 286 1285 330 ista,
1303 297 1428 336 quam

215 353 328 392 dicis.
382 350 474 404 Ego
490 353 600 389 enim
620 355 682 395 ut,
699 349 1049 401 quemadmodum
1063 352 1255 396 sentiam,
1269 349 1428 402 loquar,

214 431 427 470 nunquam
456 416 558 455 mihi
587 418 737 462 minus,
769 429 894 467 quam
925 414 1120 454 hesterno
1151 416 1234 463 die,
1263 416 1428 468 placui;

213 487 345 537 magis
374 483 478 522 adeo
505 482 548 521 id
574 481 790 528 facilitate,
818 495 943 533 quam
971 482 1051 520 alia
1078 482 1161 520 ulla
1187 483 1308 535 culpa
1333 498 1428 523 mea

214 553 403 603 contigit,
418 552 503 601 qui,
517 548 616 587 dum
630 549 834 599 obsequor
847 547 1191 595 adolescentibus,
1204 563 1272 588 me
1285 563 1428 590 senem

216 631 306 657 esse
326 630 417 655 sum
436 615 602 661 oblitus,
621 613 784 666 fecique
803 614 860 660 id,
880 614 992 666 quod
1010 628 1063 653 ne
1084 615 1320 656 adolescens
1340 620 1428 669 qui-

216 684 313 724 dem
338 682 533 728 feceram,
552 686 600 719 ut
627 682 684 719 eis
711 680 763 719 de
789 681 926 726 rebus,
946 694 1053 732 quae
1080 681 1266 721 doctrina
1291 683 1428 736 aliqua

217 753 541 794 continerentur,
570 747 837 799 disputarem.
893 746 975 785 Sed
1003 746 1080 786 hoc
1109 753 1252 787 tamen
1280 750 1429 790 cecidit

217 817 317 856 mihi
338 819 660 868 peropportune,
683 813 808 865 quod,
831 816 1048 852 transactis
1073 816 1156 853 iam
1177 818 1280 854 meis
1301 819 1428 868 parti-

217 886 307 930 bus,
327 882 381 921 ad
399 882 627 920 Antonium
647 879 898 918 audiendum
917 882 1098 919 venistis.

156 959 198 991 16
267 950 374 988 Tum
404 948 583 986 Caesar:
627 945 848 998 Equidem,
878 948 1027 998 inquit,
1058 946 1217 994 Crasse,
1246 951 1307 988 ita
1335 963 1426 989 sum

216 1016 387 1068 cupidus
410 1020 455 1053 te
478 1016 522 1052 in
543 1012 613 1051 illa
634 1012 819 1064 longiore
843 1025 891 1050 ac
913 1018 1118 1064 perpetua
1146 1013 1426 1066 disputatione

216 1081 424 1127 audiendi,
445 1085 507 1126 ut,
528 1082 561 1118 si
581 1079 625 1118 id
644 1078 745 1117 mihi
765 1080 899 1117 minus
920 1081 1148 1132 contingat,
1170 1081 1236 1120 vel
1254 1081 1332 1122 hoc
1351 1085 1427 1122 sim

216 1149 456 1203 quotidiano
478 1152 552 1185 tuo
576 1158 764 1184 sermone
791 1150 1025 1183 contentus.
1069 1145 1218 1199 Itaque
1241 1152 1429 1200 experiar

217 1215 411 1268 equidem
439 1212 554 1258 illud,
578 1217 626 1250 ut
649 1224 701 1250 ne
731 1210 946 1263 Sulpicius,
969 1210 1178 1251 familiaris
1202 1227 1332 1261 meus,
1356 1222 1430 1255 aut

218 1283 358 1327 Cotta,
379 1280 471 1332 plus
494 1292 619 1331 quam
642 1291 720 1330 ego
743 1277 854 1329 apud
875 1283 920 1316 te
943 1277 1079 1317 valere
1102 1279 1348 1328 videantur;
1385 1288 1430 1322 et

220 1355 265 1388 te
287 1347 466 1386 exorabo
491 1343 692 1397 profecto,
714 1349 762 1382 ut
784 1343 883 1382 mihi
905 1357 1070 1396 quoque
1092 1350 1137 1384 et
1157 1345 1305 1386 Catulo
1330 1353 1429 1387 tuae

222 1415 435 1455 suavitatis
452 1410 606 1463 aliquid
619 1412 845 1461 impertias.
883 1409 954 1449 Sin
975 1411 1051 1449 tibi
1065 1411 1109 1450 id
1122 1414 1256 1451 minus
1271 1413 1430 1461 libebit,

222 1495 305 1521 non
318 1486 362 1519 te
376 1479 547 1531 urgebo,
562 1489 698 1529 neque
712 1479 984 1523 committam,
998 1482 1059 1524 ut,
1074 1477 1173 1516 dum
1187 1492 1369 1527 vereare,
1382 1486 1430 1520 tu

222 1562 274 1587 ne
294 1550 347 1587 sis
365 1549 546 1597 ineptus,
565 1557 632 1582 me
652 1556 741 1581 esse
761 1543 926 1581 iudices.

160 1629 200 1661 17
270 1614 377 1652 Tum
418 1611 485 1650 ille
505 1625 514 1649 :
562 1610 652 1662 Ego
693 1608 942 1656 mehercule,
983 1613 1134 1662 inquit,
1172 1610 1335 1659 Caesar,
1379 1626 1432 1652 ex

219 1680 407 1719 omnibus
425 1677 582 1716 Latinis
598 1676 732 1715 verbis
751 1675 871 1714 huius
893 1676 1006 1714 verbi
1027 1679 1110 1715 vim
1124 1677 1190 1716 vel
1209 1681 1432 1719 maximam

219 1758 383 1798 semper
396 1746 553 1796 putavi.
589 1742 725 1791 Quem
745 1744 855 1780 enim
875 1755 947 1780 nos
968 1742 976 1756 ‘
992 1745 1182 1794 ineptum
1198 1742 1206 1757 ¹
1226 1757 1432 1792 vocamus,

220 1815 253 1851 is
276 1811 376 1850 mihi
401 1810 564 1849 videtur
588 1809 640 1847 ab
663 1808 741 1847 hoc
764 1821 915 1847 nomen
939 1807 1092 1847 habere
1117 1809 1302 1857 ductum,
1321 1811 1431 1863 quod

221 1891 303 1917 non
319 1880 374 1916 sit
391 1882 512 1928 aptus
532 1888 542 1922 ;
574 1874 699 1927 idque
715 1876 759 1913 in
775 1877 972 1914 sermonis
990 1877 1118 1914 nostri
1135 1876 1432 1916 consuetudine

222 1943 382 1996 perlate
404 1947 554 1994 patet;
591 1954 687 1979 nam
716 1942 786 1993 qui
815 1946 903 1987 aut,
925 1946 1090 1993 tempus
1114 1941 1214 1994 quid
1235 1942 1433 1994 postulet,

225 2076 299 2113 208
