1560 2294
747 120 952 160 CICERO

157 229 225 262 356
242 237 286 262 se
313 229 421 270 acta,
448 223 580 262 multa
607 224 660 262 ab
687 224 774 263 aliis
802 224 945 263 audita
970 227 1261 265 meminerunt.
1316 224 1455 274 Quare

242 283 441 322 confiteor
455 283 648 335 equidem
662 283 782 323 huius
795 285 893 323 boni
906 290 1098 323 naturam
1112 298 1201 324 esse
1214 287 1456 337 principem,

243 346 348 381 sicut
392 357 534 382 earum
568 357 706 382 rerum
741 344 794 383 de
842 345 990 396 quibus
1026 349 1124 383 ante
1170 344 1330 384 locutus
1364 358 1456 384 sum

243 405 426 441 omnium
445 418 454 442 :
489 403 563 442 sed
582 403 685 442 haec
705 417 769 442 ars
789 409 881 443 tota
900 404 1077 450 dicendi,
1097 407 1182 443 sive
1202 407 1300 444 artis
1319 407 1456 458 imago

243 463 449 515 quaedam
475 469 520 502 et
544 463 768 502 similitudo
794 469 873 510 est,
897 463 1027 503 habet
1051 463 1157 502 hanc
1181 466 1278 511 vim,
1302 479 1386 504 non
1409 471 1458 505 ut

243 528 380 562 totum
406 523 562 575 aliquid
587 526 700 562 cuius
726 526 769 561 in
792 526 966 576 ingeniis
986 527 1135 562 nostris
1160 537 1255 576 pars
1274 525 1386 563 nulla
1403 528 1458 564 sit

243 586 379 635 pariat
395 589 439 622 et
457 589 662 635 procreet,
677 597 821 622 verum
836 589 884 622 ut
904 597 955 622 ea
974 597 1081 636 quae
1097 590 1195 623 sunt
1209 589 1300 623 orta
1319 587 1458 624 iamin

161 650 226 683 357
245 644 361 682 nobis
384 649 428 682 et
450 649 667 695 procreata
689 644 840 683 educet
866 649 993 696 atque
1020 644 1263 691 confirmet3
1299 658 1458 684 verum-

245 709 388 742 tamen
403 717 540 755 neque
560 709 648 742 tam
668 707 750 743 acri
769 706 969 742 memoria
987 703 1075 743 fere
1095 707 1312 757 quisquam
1327 710 1392 744 est
1410 710 1459 744 ut

245 777 328 802 non
365 764 572 815 dispositis
602 766 840 816 notatisque
870 764 992 802 rebus
1026 764 1213 803 ordinem
1241 764 1458 804 verborum

245 827 428 862 omnium
455 829 528 862 aut
554 826 857 863 sententiarum
880 823 1181 875 complectatur
1201 837 1339 876 neque
1361 838 1458 864 vero

245 890 333 923 tam
352 883 495 922 hebeti
511 889 560 922 ut
575 883 675 922 nihil
694 883 771 922 hac
786 884 1085 922 consuetudine
1101 889 1146 923 et
1161 886 1458 924 exercitatione

246 944 476 983 adiuvetur.
532 943 647 982 Vidit
664 946 774 982 enim
790 943 868 982 hoc
883 943 1112 995 prudenter
1128 946 1213 983 sive
1230 943 1458 984 Simonides

245 1007 330 1042 sive
367 1004 468 1042 alius
505 1006 595 1056 quis
631 1006 803 1050 invenit,
840 1017 891 1042 ea
925 1006 1106 1043 maxime
1142 1006 1286 1043 animis
1322 1004 1460 1058 effingi

245 1067 393 1103 nostris
420 1077 528 1116 quae
550 1069 690 1102 essent
715 1077 740 1102 a
761 1077 883 1102 sensu
909 1063 1065 1102 tradita
1085 1069 1213 1116 atque
1233 1066 1431 1116 impressa
1448 1077 1460 1112 ;

246 1127 489 1163 acerrimum
517 1129 659 1162 autem
686 1137 739 1162 ex
765 1124 954 1162 omnibus
981 1125 1130 1162 nostris
1156 1124 1342 1163 sensibus
1369 1137 1459 1164 esse

244 1197 411 1223 sensum
432 1183 598 1222 videndi
617 1196 627 1230 ;
663 1197 790 1235 quare
812 1182 1004 1222 facillime
1027 1186 1163 1222 animo
1184 1186 1319 1222 teneri
1339 1197 1458 1236 posse

245 1257 296 1283 ea
333 1257 440 1295 quae
477 1246 790 1295 perciperentur
827 1243 993 1281 auribus
1031 1248 1105 1282 aut
1136 1245 1388 1295 cogitatione
1425 1246 1458 1283 si

245 1306 372 1343 etiam
393 1303 752 1342 commendatione
772 1302 982 1341 oculorum
1002 1305 1147 1341 animis
1166 1302 1431 1342 traderentur
1448 1316 1459 1350 ;

245 1369 293 1403 ut
325 1377 390 1402 res
419 1376 562 1402 caecas
589 1368 633 1401 et
671 1363 723 1401 ab
757 1367 949 1414 aspectus
974 1362 1123 1401 iudicio
1159 1367 1340 1401 remotas
1365 1376 1459 1402 con-

244 1423 436 1462 formatio
458 1422 665 1475 quaedam
687 1427 732 1461 et
759 1424 896 1474 imago
919 1427 963 1461 et
985 1422 1116 1474 figura
1135 1423 1197 1460 ita
1217 1427 1384 1462 notaret
1411 1428 1459 1462 ut

247 1497 296 1522 ea
319 1496 426 1535 quae
450 1482 671 1535 cogitando
695 1481 912 1533 complecti
932 1484 999 1521 vix
1023 1494 1235 1533 possemus
1257 1482 1458 1521 intuendo

161 1554 228 1587 358
246 1546 362 1596 quasi
388 1548 637 1582 teneremus.
694 1542 770 1580 His
796 1547 939 1580 autem
964 1540 1104 1580 formis
1131 1546 1258 1593 atque
1283 1544 1459 1594 corpori-

245 1604 335 1650 bus,
355 1605 461 1641 sicut
483 1603 672 1641 omnibus
693 1615 799 1654 quae
820 1602 896 1640 sub
920 1606 1134 1653 aspectum
1153 1602 1325 1640 veniunt
1343 1601 1458 1640 sede²

244 1677 347 1715 opus
366 1668 444 1708 est,
457 1665 613 1701 etenim
631 1674 776 1713 corpus
794 1660 981 1713 intellegi
998 1663 1086 1699 sine
1100 1660 1189 1699 loco
1206 1673 1289 1699 non
1302 1666 1455 1712 potest.

246 1723 385 1771 Quare
401 1723 471 1776 (ne
490 1724 533 1759 in
550 1735 595 1760 re
615 1727 715 1760 nota
734 1726 778 1759 et
793 1720 1038 1772 pervulgata
1051 1719 1206 1759 multus
1222 1725 1267 1758 et
1279 1719 1458 1759 insolens

292 1816 304 1835 ¹
328 1816 389 1849 v.l.
421 1815 570 1892 {leniunt
607 1813 822 1848 admonetur
854 1814 1029 1846 memoria
1059 1815 1184 1847 nostra
1221 1815 1332 1855 atque
1361 1822 1458 1846 exer-

245 1861 377 1893 citatur
391 1869 429 1893 se
455 1869 485 1892 e.

293 1972 308 1987 ⁰
333 1968 437 2001 After
455 1967 463 1981 ⁴
480 1968 569 2001 view
584 1966 593 1981 ’
612 1977 710 2000 some
729 1966 874 2000 inferior
892 1976 967 1999 mss.
988 1966 1098 1999 insert
1115 1964 1124 1979 ‘
1140 1975 1239 1999 serve
1256 1967 1294 1998 to
1311 1967 1457 2008 prompt

244 2011 317 2046 and
335 2011 515 2045 stimulate
531 2021 598 2045 our
614 2010 800 2053 memory.'

243 2076 317 2112 468
