1560 2294
730 81 935 122 CICERO

227 188 307 225 ista
337 186 547 238 praeclara
576 187 881 239 gubernatrice,
911 191 961 226 ut
991 189 1064 234 ais,
1095 189 1325 234 civitatum,
1355 186 1436 227 elo-

228 254 413 304 quentia,
431 252 726 304 rempublicam
745 252 1058 304 dissipaverunt.

167 323 211 358 39
280 318 331 356 Χ.
363 317 507 366 Quid?
566 318 680 370 leges
725 323 902 364 veteres,
945 331 1163 371 moresque
1206 320 1437 365 maiorum3

230 383 361 435 quid?
405 386 598 435 auspicia,
626 384 774 435 quibus
802 389 847 422 et
875 397 968 436 ego,
996 389 1040 422 et
1067 389 1128 430 tu,
1155 383 1316 431 Crasse,
1342 397 1436 423 cum

227 462 380 502 magna
415 449 664 501 reipublicae
701 449 835 488 salute
870 462 1141 501 praesumus3
1192 449 1325 502 quid?
1375 463 1439 489 re-

228 514 401 567 ligiones
434 520 478 554 et
510 517 811 561 caerimoniae;
858 515 992 567 quid?
1038 514 1142 554 haec
1173 517 1263 554 iura
1293 515 1439 562 civilia,

228 594 336 633 quae
348 581 591 632 iampridem
604 583 647 619 in
660 585 800 620 nostra
812 579 967 619 familia
980 583 1067 620 sine
1081 581 1163 619 ulla
1178 581 1438 634 eloquentiae

228 646 350 685 laude
369 652 584 685 versantur
601 659 612 693 ;
644 660 744 685 num
763 651 836 685 aut
852 649 1022 685 inventa
1039 652 1150 693 sunt,
1169 652 1242 686 aut
1259 649 1439 700 cognita,

168 718 212 752 40
230 718 302 751 aut
319 715 483 751 omnino
501 713 553 751 ab
570 717 778 751 oratorum
794 725 948 764 genere
965 717 1146 751 tractata
1163 713 1178 751 ?
1232 712 1438 765 Equidem

231 783 276 816 et
301 777 387 816 Ser.
416 777 606 824 Galbam,
631 780 830 816 memoria
855 783 995 824 teneo,
1021 777 1205 817 divinum
1229 777 1439 818 hominem

230 846 273 882 in
298 843 486 890 dicendo,
513 849 557 882 et
587 843 648 882 M.
668 843 892 882 Aemilium
918 842 1146 890 Porcinam,
1169 849 1214 883 et
1237 843 1284 883 C.
1304 846 1439 896 ipsum

231 909 476 956 Carbonem,
511 922 636 962 quem
671 915 720 948 tu
756 909 1084 948 adolescentulus
1119 909 1344 961 perculisti,
1378 912 1440 962 ig-

231 989 376 1014 narum
409 975 564 1028 legum,
598 974 876 1014 haesitantem
909 977 953 1013 in
989 977 1190 1014 maiorum
1223 977 1438 1022 institutis,

230 1041 376 1080 rudem
391 1043 435 1079 in
451 1043 540 1079 iure
557 1040 662 1079 civili
677 1053 687 1087 ;
719 1046 764 1079 et
778 1039 882 1079 haec
898 1045 1014 1079 aetas
1030 1046 1184 1087 nostra,
1196 1046 1363 1093 praeter
1378 1046 1438 1087 te,

231 1107 390 1153 Crasse,
414 1109 484 1158 qui
508 1111 581 1144 tuo
604 1108 735 1158 magis
759 1106 910 1152 studio,
934 1119 1059 1158 quam
1081 1109 1245 1158 proprio
1267 1119 1438 1146 munere

232 1173 368 1224 aliquo
395 1172 655 1218 disertorum,
681 1174 744 1210 ius
771 1185 796 1210 a
822 1172 939 1211 nobis
967 1171 1084 1210 civile
1111 1171 1302 1219 didicisti,
1329 1171 1440 1225 quod

231 1238 439 1277 interdum
457 1238 628 1290 pudeat,
646 1240 743 1276 iuris
761 1239 904 1290 ignara
923 1243 999 1276 est.

169 1309 211 1344 41
283 1303 405 1353 Quod
434 1317 531 1343 vero
561 1306 604 1342 in
635 1309 823 1342 extrema
855 1305 1054 1350 oratione,
1085 1306 1201 1356 quasi
1231 1309 1305 1342 tuo
1334 1305 1424 1342 iure

231 1372 454 1422 sumpsisti,
478 1374 684 1408 oratorem
709 1371 753 1407 in
777 1371 908 1407 omnis
937 1371 1134 1408 sermonis
1159 1369 1439 1421 disputatione

231 1438 506 1488 copiosissime
532 1448 652 1487 posse
678 1437 844 1481 versari,
869 1434 926 1481 id,
951 1437 1029 1473 nisi
1054 1434 1120 1473 hic
1144 1437 1188 1473 in
1212 1440 1286 1474 tuo
1311 1447 1440 1487 regno

232 1515 428 1547 essemus,
448 1514 531 1540 non
549 1501 749 1547 tulissem,
768 1500 991 1552 multisque
1009 1513 1258 1552 praeessem,
1277 1502 1348 1553 qui
1367 1505 1441 1540 aut

231 1567 451 1606 interdicto
473 1572 612 1606 tecum
633 1566 948 1612 contenderent,
970 1571 1044 1605 aut
1065 1571 1110 1605 te
1132 1579 1184 1605 ex
1205 1568 1294 1605 iure
1314 1579 1439 1605 manu

232 1638 466 1672 consertum
481 1637 689 1678 vocarent,
705 1631 816 1684 quod
834 1634 877 1670 in
891 1631 1044 1670 alienas
1063 1634 1337 1683 possessiones
1351 1637 1439 1671 tam

233 1704 392 1737 temere
410 1700 605 1736 irruisses.

171 1768 216 1802 42
286 1765 473 1816 Agerent
513 1766 622 1802 enim
662 1769 801 1802 tecum
839 1763 933 1815 lege
972 1764 1149 1814 primum
1188 1761 1439 1815 Pythagorei

234 1843 390 1876 omnes,
409 1835 535 1881 atque
563 1829 842 1875 Democritici,
864 1830 1075 1879 ceterique
1100 1830 1143 1866 in
1169 1830 1256 1867 iure
1282 1827 1438 1880 physici

279 1954 295 1971 ⁰
318 1949 386 1985 See
401 1950 593 1994 Appendix
609 1961 644 1993 p.
662 1952 741 1983 480.
936 1948 950 1970 θ
972 1948 1039 1983 See
1055 1948 1246 1992 Appendix
1261 1959 1296 1992 p.
1312 1950 1396 1986 480.

610 1998 622 2014 ⁶
639 1993 706 2028 See
722 1992 914 2036 Appendix
929 2003 964 2036 p.
982 1995 1062 2027 480.

233 2050 285 2086 30
