1560 2294
723 93 927 134 CICERO

157 203 202 237 36
271 195 454 234 Historia
479 209 575 235 vero
601 199 720 236 testis
747 203 996 250 temporum,
1021 199 1092 239 lux
1118 203 1317 249 veritatis,
1343 205 1429 243 vita

218 274 455 318 memoriae,
470 275 668 325 magistra
683 276 808 320 vitae,
823 278 969 314 nuntia
983 280 1217 325 vetustatis,
1232 292 1315 331 qua
1329 293 1426 320 voce

219 348 311 394 alia,
329 351 405 387 nisi
423 352 608 395 oratoris,
626 351 927 390 immortalitati
944 354 1255 394 commendatur
1272 356 1288 394 ?
1321 356 1427 396 Nam

218 427 251 463 si
274 438 356 476 qua
379 431 444 464 est
467 439 530 464 ars
557 426 650 473 alia,
674 441 780 479 quae
807 429 1023 468 verborum
1050 436 1123 469 aut
1147 430 1426 473 faciendorum

218 507 291 540 aut
316 501 586 554 legendorum
612 506 826 543 scientiam
851 506 1123 557 profiteatur3
1163 514 1237 547 aut
1261 511 1295 547 si
1320 513 1427 562 quis-

218 591 343 630 quam
367 578 516 618 dicitur
539 582 616 618 nisi
639 586 776 620 orator
799 581 976 621 formare
1000 587 1228 624 orationem
1253 599 1427 639 eamque

218 658 374 694 variare
411 661 455 694 et
490 656 743 709 distinguere
779 661 895 710 quasi
931 661 1176 712 quibusdam
1211 663 1427 704 verborum

218 734 601 785 sententiarumque
624 735 850 787 insignibus
868 747 880 782 ;
917 742 991 775 aut
1012 739 1046 775 si
1068 740 1134 776 via
1156 738 1252 786 ulla,
1274 742 1351 779 nisi
1373 741 1426 781 ab

218 807 294 847 hac
318 822 400 847 una
424 815 528 855 arte,
552 810 743 857 traditur,
768 817 841 851 aut
865 819 1216 865 argumentorum,
1240 822 1314 856 aut
1336 830 1427 856 sen-

217 888 457 932 tentiarum,
486 893 560 926 aut
590 887 769 940 denique
801 889 1072 941 discriptionis
1104 897 1230 945 atque
1261 893 1427 942 ordinis,

216 962 423 1002 fateamur
441 969 515 1002 aut
532 963 622 1010 hoe,
641 965 752 1017 quod
769 965 872 1005 haec
890 980 954 1005 ars
971 968 1229 1019 profiteatur,
1248 970 1426 1011 alienum

154 1049 198 1082 37
218 1053 307 1079 esse
323 1046 396 1079 aut
411 1054 505 1079 cum
526 1041 663 1093 aliqua
678 1042 758 1080 alia
779 1048 868 1082 arte
891 1057 979 1083 esse
1001 1058 1231 1086 commune.
1290 1047 1372 1087 Sed
1392 1051 1426 1088 si

215 1120 258 1155 in
283 1117 361 1156 hac
387 1131 469 1156 una
496 1123 560 1157 est
587 1131 637 1157 ea
662 1122 767 1158 ratio
794 1126 921 1172 atque
948 1121 1147 1169 doctrina,
1173 1136 1270 1170 non,
1296 1127 1330 1164 si
1355 1128 1425 1178 qui

216 1194 386 1233 aliarum
419 1197 569 1233 artium
601 1196 708 1234 bene
740 1196 866 1236 locuti
898 1204 1008 1244 sunt,
1041 1212 1090 1238 eo
1121 1202 1255 1239 minus
1286 1202 1330 1240 id
1361 1209 1426 1242 est

215 1271 334 1310 huius
361 1274 480 1310 unius
505 1275 740 1324 proprium;
774 1273 861 1321 sed,
887 1280 936 1314 ut
963 1281 1100 1315 orator
1125 1277 1178 1316 de
1205 1280 1263 1316 eis
1288 1280 1424 1327 rebus,

216 1362 323 1401 quae
352 1354 584 1388 ceterarum
614 1353 764 1389 artium
793 1357 904 1398 sunt,
930 1354 964 1391 si
988 1353 1112 1392 modo
1138 1367 1207 1393 eas
1233 1359 1425 1408 cognovit

216 1426 281 1478 (ut
309 1425 397 1464 heri
421 1426 588 1465 Crassus
618 1427 814 1480 dicebat),
838 1431 994 1480 optime
1022 1435 1163 1482 potest
1191 1431 1343 1480 dicere,
1367 1436 1424 1474 sic

215 1508 446 1542 ceterarum
466 1506 615 1542 artium
634 1504 819 1544 homines
838 1509 1020 1545 ornatius
1037 1507 1107 1546 illa
1125 1521 1199 1547 sua
1216 1508 1372 1557 dicunt,
1390 1513 1423 1550 si

151 1585 196 1619 38
215 1580 314 1632 quid
326 1581 378 1619 ab
394 1580 470 1619 hac
486 1586 575 1619 arte
591 1581 835 1621 didicerunt.
867 1583 1012 1636 Neque
1029 1587 1138 1623 enim
1151 1587 1184 1623 si
1199 1585 1251 1625 de
1263 1589 1422 1627 rusticis

213 1658 335 1696 rebus
363 1658 540 1710 agricola
568 1661 784 1710 quispiam,
812 1665 886 1698 aut
914 1663 1055 1707 etiam,
1081 1662 1125 1700 id
1152 1663 1263 1714 quod
1288 1664 1422 1711 multi,

212 1734 394 1773 medicus
423 1734 476 1774 de
504 1736 670 1782 morbis,
699 1741 772 1775 aut
800 1736 853 1775 de
881 1738 1089 1790 pingendo
1117 1741 1250 1790 pictor
1277 1740 1422 1793 aliquis

213 1811 365 1850 diserte
393 1811 544 1851 dixerit
571 1818 644 1851 aut
670 1816 889 1865 scripserit,
915 1814 1063 1853 idcirco
1090 1815 1195 1854 illius
1223 1819 1321 1856 artis
1346 1831 1421 1870 pu-

212 1888 341 1927 tanda
363 1894 427 1927 est
450 1889 686 1941 eloquentia
705 1903 714 1928 :
750 1892 793 1928 in
816 1904 898 1943 qua
920 1894 1016 1943 quia
1038 1894 1096 1930 vis
1118 1906 1270 1946 magna
1293 1900 1357 1933 est
1378 1897 1419 1933 in

232 2013 248 2029 ⁶
274 2009 436 2052 Insiqnia
451 2022 511 2044 are
528 2011 588 2045 the
604 2010 612 2025 ⁸
625 2011 751 2055 purple
767 2012 912 2055 patches
925 2012 933 2026 ’
950 2012 990 2046 of
1003 2013 1156 2053 Horace,
1171 2014 1266 2050 Α.Ρ.
1285 2017 1398 2049 15-16.

210 2067 287 2101 224
