1526 2288
438 529 512 581 M.
559 530 779 580 TULLI
827 528 1241 584 CICERONIS.

512 647 585 685 AD
610 647 849 694 QUINTUM
877 647 1124 683 FRATREM

637 712 855 749 DIALOGI
877 712 1004 748 TREs

562 821 669 870 DE
712 821 1082 870 ORATORE

390 948 686 988 DIALOGUS.
713 948 820 987 SEU
848 947 1016 987 LIBER
1042 945 1258 987 PRIMUS

181 1070 197 1104 1
272 1061 304 1100 Ι.
336 1060 548 1113 Cogitanti
562 1060 663 1099 mihi
682 1074 995 1112 saepenumero,
1011 1066 1055 1099 et
1069 1062 1268 1099 memoria
1284 1064 1426 1098 vetera

220 1118 443 1168 repetenti,
472 1116 660 1167 perbeati
689 1115 829 1162 fuisse,
859 1114 1014 1163 Quinte
1043 1114 1186 1160 frater,
1214 1114 1272 1152 illi
1300 1113 1427 1153 videri

220 1170 369 1216 solent,
384 1172 454 1222 qui
473 1173 516 1208 in
535 1173 693 1221 optima
712 1169 936 1221 republica,
956 1183 1050 1208 cum
1070 1174 1114 1208 et
1132 1168 1367 1215 honoribus,
1383 1173 1427 1206 et

220 1238 357 1263 rerum
385 1229 596 1277 gestarum
624 1224 754 1277 gloria
783 1224 991 1270 florerent,
1012 1237 1107 1262 eum
1129 1226 1240 1262 vitae
1268 1235 1429 1261 cursum

221 1285 366 1318 tenere
386 1284 626 1330 potuerunt,
646 1284 694 1317 ut
713 1278 779 1317 vel
796 1281 839 1317 in
858 1281 1026 1331 negotio
1046 1281 1133 1317 sine
1152 1277 1346 1330 periculo,
1365 1276 1430 1315 vel

221 1336 263 1372 in
283 1336 368 1372 otio
387 1347 480 1371 cum
499 1333 705 1386 dignitate
726 1346 815 1372 esse
834 1338 1015 1385 possent.
1070 1332 1133 1371 Ac
1150 1331 1230 1371 fuit
1249 1331 1430 1384 quidem,

222 1402 316 1427 cum
348 1387 447 1426 mihi
478 1401 642 1440 quoque
671 1390 834 1426 initium
862 1386 1161 1439 requiescendi,
1190 1391 1316 1438 atque
1345 1387 1429 1424 ani-

222 1456 336 1481 mum
374 1442 427 1481 ad
464 1445 678 1494 utriusque
719 1448 906 1481 nostrum
948 1441 1157 1493 praeclara
1193 1441 1330 1480 studia
1367 1453 1429 1478 re-

222 1496 396 1543 ferendi,
434 1495 522 1535 fore
564 1499 718 1535 iustum
762 1502 806 1535 et
843 1509 972 1548 prope
1013 1496 1066 1534 ab
1107 1495 1294 1534 omnibus
1335 1507 1427 1533 con-

222 1565 381 1590 cessum
429 1551 662 1597 arbitrarer,
710 1553 743 1590 si
789 1551 972 1589 infinitus
1019 1549 1242 1588 forensium
1293 1562 1427 1587 rerum

222 1606 350 1652 labor,
389 1611 433 1644 et
470 1606 703 1644 ambitionis
741 1608 969 1656 occupatio,
1007 1605 1180 1643 decursu
1216 1603 1429 1648 honorum,

183 1675 203 1707 2
224 1663 350 1699 etiam
377 1663 527 1699 aetatis
554 1659 678 1705 flexu,
702 1662 965 1698 constitisset.
1021 1658 1156 1707 Quam
1181 1671 1298 1710 spem
1322 1659 1424 1710 cogi—

222 1717 426 1753 tationum
457 1720 501 1753 et
529 1714 786 1753 consiliorum
814 1727 1013 1758 meorum,
1032 1727 1126 1752 cum
1151 1725 1296 1765 graves
1322 1725 1428 1750 com-

221 1771 406 1807 munium
422 1775 670 1820 temporum,
686 1774 774 1807 tum
790 1771 889 1807 varii
904 1770 1032 1807 nostri
1047 1781 1164 1806 casus
1178 1765 1428 1806 fefellerunt.

268 1910 283 1927 ⁰
305 1905 381 1940 The
399 1906 603 1949 metaphors
624 1916 684 1939 are
699 1904 883 1939 borrowed
898 1904 992 1938 from
1010 1904 1070 1938 the
1087 1903 1222 1938 Circus.
1271 1902 1429 1937 Decuma

223 1950 600 1984 honorumzdecursis
620 1949 830 1982 honoribus:
855 1948 979 1982 Cicero
998 1947 1070 1981 had
1089 1948 1178 1981 been
1197 1945 1430 1989 successively

223 2005 351 2037 augur,
367 1997 545 2037 quaestor,
562 1993 689 2033 aedile,
705 1996 858 2036 praetor,
875 1991 997 2026 consul
1014 1991 1086 2025 and
1102 1989 1301 2036 proconsul.

223 2060 250 2094 2
