1560 2294
755 89 959 129 CICERO

253 192 478 239 videamus,
499 206 551 232 ne
566 193 657 245 plus
677 196 715 232 ei
733 194 905 240 tribuas,
921 207 1044 246 quam
1059 207 1124 233 res
1144 199 1188 233 et
1206 196 1357 234 veritas
1374 196 1463 247 ipsa

252 261 464 299 concedat.

190 338 233 371 78
305 327 384 366 Hic
413 327 605 367 Crassus:
648 328 880 374 Memento,
909 331 1057 380 inquit,
1077 342 1144 367 me
1169 342 1251 367 non
1277 329 1329 368 de
1355 342 1463 377 mea,

253 395 327 433 sed
345 395 397 433 de
416 398 587 434 oratoris
605 394 805 434 facultate
824 396 987 434 dixisse.
1043 395 1154 444 Quid
1172 399 1282 435 enim
1299 410 1372 435 nos
1391 402 1465 436 aut

253 462 481 508 didicimus,
503 468 576 501 aut
595 466 697 501 scire
716 466 940 514 potuimus,
961 466 1031 515 qui
1051 468 1149 502 ante
1170 464 1223 503 ad
1243 464 1464 516 agendum,

254 543 377 582 quam
398 530 451 568 ad
468 530 798 582 cognoscendum
816 533 1001 569 venimus
1020 543 1030 577 3
1063 544 1164 583 quos
1182 533 1226 569 in
1242 529 1344 578 foro,
1363 545 1464 584 quos

254 600 296 635 in
324 598 564 644 ambitione,
592 611 694 650 quos
721 600 764 636 in
791 598 1015 650 republica,
1043 612 1145 650 quos
1172 601 1215 637 in
1243 601 1464 638 amicorum

255 667 445 717 negotiis,
457 678 522 703 res
534 668 623 717 ipsa
636 671 734 704 ante
747 664 938 711 confecit,
951 679 1075 718 quam
1087 679 1298 718 possemus
1311 666 1465 718 aliquid

193 747 236 778 79
255 732 307 771 de
334 733 456 771 rebus
483 735 611 771 tantis
638 733 866 784 suspicari?
921 732 1043 781 Quod
1069 736 1103 772 si
1129 734 1205 772 tibi
1231 739 1396 772 tantum
1421 737 1464 772 in

255 800 371 838 nobis
399 799 562 838 videtur
590 813 694 846 esse,
722 800 870 852 quibus
899 803 1061 839 etiamsi
1088 803 1314 853 ingenium,
1341 806 1390 839 ut
1416 806 1463 840 tu

254 872 391 918 putas,
414 880 496 905 non
518 870 698 906 maxime
722 866 870 914 defuit,
893 867 1079 906 doctrina
1101 873 1229 914 certe,
1253 874 1297 907 et
1319 871 1464 914 otium,

256 940 300 972 et
326 934 491 973 hercule
521 937 648 973 etiam
675 935 858 974 studium
884 935 986 973 illud
1012 935 1195 974 discendi
1223 938 1463 974 acerrimum

254 1000 388 1040 defuit
407 1015 416 1040 :
466 1002 566 1054 quid
600 1015 757 1048 censes,
792 1004 825 1041 si
863 1002 917 1041 ad
952 1002 1119 1040 alicuius
1154 1005 1365 1055 ingenium
1399 1001 1464 1041 vel

252 1071 383 1107 maius
402 1068 484 1115 illa,
504 1082 611 1121 quae
631 1083 709 1121 ego
728 1083 810 1108 non
830 1071 966 1122 attigi,
986 1072 1232 1108 accesserint
1249 1070 1264 1108 ?
1299 1069 1463 1122 qualem

252 1135 380 1182 illum,
401 1141 445 1174 et
463 1141 666 1188 quantum
685 1142 890 1175 oratorem
907 1135 1094 1175 futurum
1112 1137 1128 1175 ?

190 1216 234 1249 80
304 1203 462 1242 XVIII.
492 1203 597 1241 Tum
626 1203 856 1242 Antonius:
892 1203 1044 1242 Probas
1070 1203 1184 1250 mihi,
1203 1206 1351 1256 inquit,
1370 1207 1463 1251 ista,

253 1269 412 1316 Crasse,
426 1284 533 1322 quae
547 1270 646 1309 dicis
666 1283 676 1317 ;
704 1284 780 1309 nec
794 1271 953 1317 dubito,
967 1273 1066 1323 quin
1079 1271 1210 1310 multo
1224 1271 1465 1323 locupletior

253 1341 295 1377 in
321 1338 495 1376 dicendo
518 1337 682 1376 futurus
706 1340 774 1384 sit,
798 1341 831 1376 si
856 1341 946 1390 quis
970 1341 1153 1377 omnium
1176 1352 1313 1377 rerum
1337 1345 1463 1391 atque

193 1412 232 1443 81
255 1408 405 1444 artium
430 1408 634 1444 rationem
659 1411 933 1458 naturamque
958 1405 1328 1458 comprehenderit.
1383 1405 1465 1445 Sed

255 1475 432 1525 primum
447 1472 490 1511 id
507 1472 669 1511 difficile
686 1478 750 1511 est
767 1472 896 1519 factu,
911 1476 1155 1524 praesertim
1169 1475 1212 1511 in
1230 1471 1307 1511 hac
1326 1478 1466 1512 nostra

255 1543 354 1586 vita,
381 1543 612 1592 nostrisque
639 1541 1003 1592 occupationibus;
1036 1540 1186 1579 deinde
1212 1540 1312 1579 illud
1339 1542 1465 1579 etiam

255 1607 480 1646 verendum
502 1613 580 1654 est,
602 1621 654 1646 ne
677 1606 962 1646 abstrahamur
983 1608 1035 1646 ab
1057 1607 1134 1646 hac
1155 1610 1465 1654 exercitatione,

256 1680 300 1713 et
324 1675 621 1714 consuetudine
645 1674 807 1714 dicendi
830 1675 1030 1727 populari,
1055 1680 1099 1713 et
1122 1673 1285 1713 forensi.
1340 1674 1466 1713 Aliud

256 1745 366 1781 enim
401 1742 500 1780 mihi
537 1742 745 1794 quoddam
780 1756 911 1795 genus
947 1745 1141 1781 orationis
1178 1755 1267 1780 esse
1304 1741 1465 1780 videtur

256 1822 397 1847 eorum
409 1809 635 1856 hominum,
647 1810 699 1848 de
712 1811 859 1861 quibus
870 1809 992 1861 paulo
1005 1815 1103 1848 ante
1115 1809 1269 1855 dixisti,
1280 1811 1464 1861 quamvis

255 1876 311 1914 illi
336 1882 480 1915 ornate
507 1882 550 1915 et
574 1879 768 1929 graviter,
794 1883 867 1916 aut
891 1877 943 1916 de
968 1882 1116 1915 natura
1139 1890 1290 1922 rerum,
1315 1881 1388 1914 aut
1412 1875 1464 1914 de

255 1943 443 1982 humanis
467 1945 589 1982 rebus
614 1944 834 1998 loquantur
853 1958 862 1983 ε
902 1944 1078 1983 nitidum
1103 1943 1310 1998 quoddam
1332 1955 1464 1996 genus

254 2035 305 2071 56
