1560 2294
759 78 963 118 CICERO

257 181 491 221 Carneades
527 185 570 220 in
605 182 727 221 rebus
764 185 837 228 eis,
865 182 918 221 de
955 182 1103 234 quibus
1136 181 1466 234 disputaverunt,

258 253 513 306 eloquentes,
559 258 603 292 et
646 255 689 292 in
733 253 907 292 dicendo
952 267 1111 300 suaves,
1157 258 1284 305 atque
1329 255 1466 292 ornati

256 324 452 364 fuerunt:
492 327 575 363 sint
598 324 678 363 hae
702 338 782 370 res,
807 324 860 363 de
886 325 1033 377 quibus
1058 324 1287 376 disputant,
1310 326 1355 363 in
1379 323 1467 362 aliis

255 396 501 448 quibusdam
528 396 702 442 studiis;
744 398 875 435 oratio
903 396 1071 448 quidem
1096 398 1186 447 ipsa
1211 397 1376 448 propria
1402 399 1468 434 est

254 467 374 506 huius
397 470 516 506 unius
538 470 722 513 rationis,
745 467 797 506 de
821 481 903 519 qua
924 467 1130 519 loquimur
1151 472 1196 506 et
1218 469 1465 520 quaerimus.

193 546 238 580 60
255 539 423 578 Etenim
442 539 643 585 videmus,
662 539 819 577 eisdem
839 538 892 577 de
911 539 1034 578 rebus
1056 541 1194 577 ieiune
1209 537 1408 591 quosdam
1423 541 1469 578 et

258 610 434 656 exiliter,
459 615 508 649 ut
535 623 644 656 eum,
671 623 796 662 quem
828 612 1108 649 acutissimum
1139 608 1294 656 ferunt,
1320 608 1468 661 Chrys-

255 684 413 733 ippum,
432 681 719 733 disputavisse,
738 695 875 733 neque
894 682 948 720 ob
968 694 1061 720 eam
1079 694 1168 720 rem
1186 679 1468 733 philosophiae

255 766 339 792 non
360 751 621 799 satisfecisse,
644 752 755 805 quod
783 766 865 791 non
886 751 1080 792 habuerit
1099 752 1206 792 hanc
1227 751 1390 791 dicendi
1415 764 1469 791 ex

257 830 347 863 arte
367 824 501 862 aliena
518 823 776 863 facultatem.

307 895 405 934 XII.
435 895 546 944 Quid
565 909 663 948 ergo
678 895 884 934 interest?
914 900 988 934 aut
1002 897 1073 947 qui
1092 895 1297 934 discernes
1313 907 1469 941 eorum,

256 980 358 1020 quos
384 969 605 1013 nominavi,
631 967 869 1006 ubertatem
893 969 936 1005 in
961 966 1135 1006 dicendo
1161 971 1206 1006 et
1230 968 1390 1018 copiam
1415 965 1468 1004 ab

257 1052 399 1078 eorum
415 1038 616 1085 exilitate,
631 1041 702 1091 qui
715 1037 793 1077 hac
807 1038 970 1077 dicendi
983 1040 1186 1077 varietate
1202 1042 1247 1077 et
1261 1037 1469 1090 elegantia

257 1123 339 1149 non
356 1115 531 1148 utuntur
548 1110 564 1148 ?
606 1110 747 1149 Unum
765 1112 844 1148 erit
859 1109 1060 1161 profecto,
1077 1108 1189 1162 quod
1204 1111 1258 1156 ei,
1274 1111 1345 1161 qui
1360 1109 1469 1148 bene

257 1181 414 1227 dicunt,
445 1180 618 1219 afferant
646 1183 884 1233 proprium:
928 1183 1197 1233 compositam
1225 1183 1469 1226 orationem,

258 1258 303 1291 et
328 1258 531 1299 ornatam,
555 1258 599 1291 et
628 1252 799 1292 artificio
828 1252 1008 1305 quodam
1038 1257 1083 1292 et
1111 1252 1360 1304 expolitione
1389 1251 1470 1290 dis·

257 1326 445 1363 tinctam.
501 1324 617 1362 Haec
644 1329 786 1363 autem
813 1326 958 1370 oratio,
985 1326 1019 1362 si
1044 1337 1110 1363 res
1136 1337 1220 1363 non
1245 1323 1389 1362 subest
1415 1323 1468 1362 ab

259 1401 421 1434 oratore
438 1401 637 1447 percepta
655 1401 700 1434 et
717 1398 896 1448 cognita,
915 1400 988 1434 aut
1005 1395 1117 1434 nulla
1133 1397 1188 1434 sit
1204 1407 1372 1434 necesse
1390 1398 1470 1441 est,

196 1476 239 1509 51
260 1472 333 1505 aut
360 1469 542 1505 omnium
569 1469 752 1506 irrisione
779 1466 958 1506 ludatur.
1013 1466 1124 1515 Quid
1152 1471 1216 1506 est
1244 1468 1353 1505 enim
1380 1471 1467 1504 tam

258 1537 471 1584 furiosum,
510 1552 635 1590 quam
674 1539 906 1585 verborum,
945 1538 1012 1577 vel
1050 1540 1301 1590 optimorum
1340 1543 1468 1589 atque

260 1612 624 1655 ornatissimorum,
655 1612 812 1648 sonitus
843 1612 989 1656 inanis,
1019 1609 1132 1648 nulla
1161 1609 1348 1648 subiecta
1377 1621 1469 1647 sen-

259 1683 407 1727 tentia,
449 1694 526 1719 nec
568 1681 774 1720 scientia?
828 1680 1039 1733 Quidquid
1082 1683 1161 1719 erit
1201 1682 1328 1733 igitur
1369 1692 1469 1732 qua-

258 1764 435 1804 cumque
456 1765 508 1790 ex
528 1758 632 1798 arte,
652 1765 911 1804 quocumque
931 1752 983 1791 de
1002 1765 1171 1804 genere,
1189 1751 1234 1790 id
1251 1756 1402 1798 orator,
1420 1753 1469 1797 si,

259 1828 458 1874 tanquam
487 1823 646 1862 clientis
674 1837 853 1869 causam,
882 1823 1084 1869 didicerit,
1112 1823 1224 1862 dicet
1250 1822 1396 1862 melius
1423 1827 1469 1861 et

258 1896 455 1940 ornatius,
469 1908 594 1946 quam
606 1894 673 1933 ille
686 1897 774 1946 ipse
788 1897 875 1933 eius
887 1897 947 1933 rei
961 1897 1151 1933 inventor
1163 1899 1290 1946 atque
1303 1891 1466 1932 artifex.

198 1972 241 2006 62
260 1964 367 2003 Nam
393 1967 426 2003 si
452 1967 543 2018 quis
570 1968 663 2012 erit,
689 1968 759 2018 qui
785 1965 862 2005 hoc
887 1965 1012 2012 dicat,
1039 1978 1129 2004 esse
1155 1964 1355 2018 quasdam
1379 1977 1468 2004 ora-

258 2041 308 2077 88
