1560 2294
776 128 980 168 CICERO

272 234 495 268 nascuntur
507 233 656 269 omnia.
714 232 887 270 LXXII.
917 233 1008 285 Ego
1022 237 1131 274 enim
1143 249 1237 274 cum
1249 236 1302 275 ad
1317 249 1482 277 causam

272 309 363 335 sum
386 310 603 349 aggressus
629 305 756 351 atque
781 303 918 338 omnia
941 302 1162 353 cogitando
1185 304 1323 356 quoad
1343 303 1481 344 facere

271 367 388 416 potui
416 372 672 417 persecutus,
699 381 793 406 cum
820 373 864 407 et
891 376 1138 421 argumenta
1163 385 1310 411 causae
1340 378 1385 412 et
1410 386 1480 412 eos

271 432 379 472 locos
395 434 542 485 quibus
559 437 684 472 animi
699 436 880 474 iudicum
892 438 1160 477 conciliantur
1173 445 1218 478 et
1231 439 1320 479 illos
1333 442 1481 493 quibus

270 508 564 552 permoventur
587 503 669 541 vidi
693 509 820 555 atque
844 508 1030 557 cognovi,
1047 512 1138 545 tum
1155 510 1360 548 constituo
1384 510 1483 562 quid

271 569 425 608 habeat
450 583 572 608 causa
597 585 788 623 quaeque
813 573 924 619 boni,
949 574 1049 626 quid
1073 575 1198 622 mali3
1237 576 1350 615 nulla
1374 580 1484 617 enim

270 637 358 676 fere
378 644 519 689 potest
538 652 602 677 res
622 641 665 677 in
685 639 848 679 dicendi
867 641 1212 693 disceptationem
1232 650 1306 684 aut
1325 651 1484 685 contro-

273 709 446 745 versiam
488 710 621 745 vocari
666 721 773 759 quae
817 722 900 747 non
943 709 1098 750 habeat
1142 717 1379 765 utrumque,
1410 714 1484 753 sed

187 781 254 815 292
272 780 475 826 quantum
509 774 664 813 habeat
699 776 741 814 id
776 776 933 824 refert3
982 792 1077 817 mea
1119 785 1261 819 autem
1295 784 1401 821 ratio
1441 784 1484 820 in

273 843 447 881 dicendo
480 842 583 881 haec
617 856 707 882 esse
738 844 858 891 solet,
889 851 937 884 ut
974 846 1071 885 boni
1109 848 1221 899 quod
1253 847 1408 888 habeat
1441 850 1485 889 id

273 911 513 962 amplectar,
543 925 753 958 exornem,
783 926 1048 965 exaggerem,
1075 915 1133 954 ibi
1161 929 1400 964 commorer,
1427 919 1484 958 ibi

272 979 472 1025 habitem,
491 980 548 1017 ibi
567 979 776 1026 haeream,
797 994 821 1018 a
839 981 947 1020 malo
968 988 1110 1021 autem
1129 986 1311 1037 vitioque
1337 999 1484 1026 causae

270 1050 330 1086 ita
357 1047 550 1086 recedam
575 1061 658 1086 non
687 1054 735 1086 ut
767 1062 834 1087 me
859 1049 903 1088 id
934 1048 1080 1102 fugere
1107 1059 1307 1103 appareat
1331 1054 1406 1093 sed
1437 1061 1486 1094 ut

270 1121 407 1154 totum
437 1115 545 1154 bono
576 1115 644 1153 illo
675 1117 857 1155 ornando
889 1123 933 1156 et
963 1106 1154 1170 augendo
1185 1120 1485 1162 dissimulatum

270 1184 496 1223 obruatur·
487 1212 497 1229 ‚
535 1189 592 1230 et,
615 1187 648 1222 si
670 1197 794 1222 causa
816 1191 880 1224 est
901 1188 944 1224 in
966 1191 1234 1238 argumentis,
1258 1189 1486 1230 firmissima

272 1265 462 1304 quaeque
484 1254 664 1290 maxime
691 1258 824 1298 tueor,
846 1256 930 1292 sive
956 1254 1074 1305 plura
1095 1262 1192 1295 sunt
1214 1259 1299 1296 sive
1320 1258 1486 1311 aliquod

274 1334 401 1359 unum
420 1332 430 1366 ;
463 1323 525 1358 sin
545 1326 686 1359 autem
704 1323 746 1358 in
770 1321 1053 1362 conciliatione
1073 1330 1146 1363 aut
1168 1327 1211 1363 in
1227 1330 1486 1377 permotione

273 1402 397 1428 causa
434 1394 511 1435 est,
549 1389 602 1427 ad
645 1402 738 1427 eam
774 1403 841 1428 me
877 1393 1137 1442 potissimum
1172 1399 1336 1445 partem
1378 1408 1485 1447 quae

274 1460 454 1496 maxime
488 1470 653 1496 movere
698 1460 855 1496 animos
887 1457 1100 1499 hominum
1132 1466 1274 1512 potest
1305 1462 1483 1503 confero.

189 1528 255 1562 293
275 1525 443 1564 Summa
481 1526 660 1577 denique
692 1525 812 1565 huius
849 1530 1013 1579 generis
1045 1527 1148 1567 haec
1182 1535 1259 1576 est,
1293 1536 1341 1570 ut
1372 1533 1406 1570 si
1442 1534 1485 1570 in

274 1593 500 1633 refellendo
543 1594 774 1633 adversario
808 1594 959 1634 firmior
998 1609 1087 1635 esse
1120 1600 1252 1636 oratio
1285 1612 1410 1650 quam
1442 1602 1485 1638 in

273 1662 559 1701 confirmandis
601 1666 748 1701 nostris
781 1663 903 1702 rebus
942 1669 1095 1715 potest,
1128 1668 1265 1704 omnia
1296 1669 1339 1704 in
1370 1667 1484 1706 illum

274 1730 359 1768 tela
387 1730 609 1776 conferam,
633 1733 695 1769 sin
721 1737 861 1770 nostra
885 1733 1049 1783 probari
1076 1732 1234 1772 facilius
1262 1747 1387 1786 quam
1415 1735 1484 1774 illa

274 1799 464 1851 redargui
492 1804 679 1850 possunt,
709 1799 913 1838 abducere
943 1803 1098 1839 animos
1128 1815 1153 1839 a
1181 1805 1385 1841 contraria
1413 1803 1484 1843 de·

189 1869 254 1901 294
274 1866 458 1906 fensione
472 1873 516 1905 et
530 1867 582 1905 ad
595 1873 777 1906 nostram
789 1872 927 1906 coner¹
939 1868 1156 1908 deducere.
1195 1869 1290 1908 Duo
1304 1870 1482 1923 denique

274 1935 342 1973 illa
360 1948 466 1985 quae
487 1934 679 1974 facillima
696 1935 900 1982 videntur,
919 1939 1112 1988 quoniam
1132 1950 1238 1989 quae
1259 1937 1482 1978 difficiliora

679 2025 692 2046 ¹
714 2025 896 2059 Rackham
909 2038 921 2060 .·
946 2035 1068 2061 conor.

268 2092 344 2126 420
