1560 2294
743 106 948 146 CICERO

239 211 375 257 rebus,
395 215 468 249 aut
493 210 546 249 de
567 212 639 257 eis,
664 216 807 249 contra
832 224 933 263 quos
959 216 1032 250 aut
1055 225 1129 263 pro
1154 212 1302 264 quibus
1326 212 1451 260 dicat,

238 287 332 312 cum
366 274 503 325 aliqua
536 274 748 312 statuendi
781 279 992 325 potestate
1027 274 1212 321 audiant,
1246 275 1299 314 ad
1331 288 1450 315 suum

239 337 453 375 arbitrium
482 349 648 374 movere
678 339 821 388 possit,
851 336 966 374 illum
997 336 1049 375 de
1079 342 1170 376 toto
1199 337 1267 376 illo
1297 351 1450 390 genere

237 399 488 451 reliquarum
522 401 754 438 orationum
788 413 870 438 non
904 399 994 450 plus
1030 402 1313 452 quaesiturum
1347 414 1450 448 esse,

238 462 338 514 quid
366 462 490 508 dicat,
521 475 646 513 quam
675 461 921 514 Polyclitum
954 462 1068 501 illum
1101 476 1195 502 cum
1229 463 1451 503 Herculem

238 524 437 577 fingebat,
453 524 803 576 quemadmodum
817 524 969 576 pellem
985 530 1058 563 aut
1071 524 1246 577 hydram
1261 525 1452 579 fingeret,

239 590 400 625 etiamsi
419 587 522 625 haec
540 601 753 639 nunquam
771 590 995 639 separatim
1013 586 1150 626 facere
1169 588 1390 628 didicisset.

176 656 218 691 71
289 649 424 688 XVII.
466 650 572 688 Tum
620 649 790 689 Catulus
810 663 819 688 ε
876 649 1088 689 Praeclare
1143 650 1243 689 mihi
1290 651 1450 698 videris,

239 713 409 759 Antoni,
437 715 636 764 posuisse,
664 715 813 764 inquit,
837 718 935 752 ante
972 713 1123 759 oculos,
1161 714 1260 765 quid
1296 714 1452 754 discere

238 780 450 827 oporteret
470 789 580 821 eum,
600 778 670 828 qui
694 781 832 814 orator
852 781 962 814 esset
984 774 1162 822 futurus,
1187 777 1287 828 quid
1311 780 1452 825 etiam,

238 841 271 876 si
294 852 376 876 non
398 838 620 884 didicisset,
644 851 696 876 ex
720 851 785 885 eo,
806 839 917 890 quod
945 838 1168 885 didicisset,
1197 846 1452 881 assumeret:

237 900 448 939 deduxisti
469 904 579 939 enim
599 906 736 939 totum
755 900 965 940 hominem
984 904 1027 939 in
1047 901 1128 940 duo
1148 915 1303 954 genera
1321 903 1452 943 solum

237 977 452 1002 causarum
471 976 481 1010 ;
540 969 681 1002 cetera
722 964 1037 1003 innumerabilia
1080 967 1366 1004 exercitationi
1408 972 1454 1006 et

237 1026 493 1065 similitudini
512 1027 727 1078 reliquisti.
779 1026 862 1065 Sed
881 1027 1035 1073 videto,
1050 1040 1103 1065 ne
1123 1029 1167 1065 in
1185 1029 1273 1067 istis
1293 1029 1452 1068 duobus

237 1089 457 1141 generibus
477 1089 609 1141 hydra
628 1090 704 1127 tibi
724 1091 778 1127 sit
798 1095 842 1128 et
860 1090 992 1141 pellis,
1013 1089 1212 1129 Hercules
1232 1097 1388 1138 autem,
1407 1098 1452 1131 et

238 1152 317 1189 alia
341 1165 467 1203 opera
490 1155 659 1197 maiora,
683 1154 726 1189 in
749 1151 826 1190 illis
851 1153 988 1198 rebus,
1013 1166 1115 1204 quas
1138 1157 1451 1204 praetermittis,

237 1214 534 1266 relinquantur.
593 1215 686 1252 Non
712 1217 822 1253 enim
848 1214 947 1253 mihi
971 1218 1105 1253 minus
1129 1219 1263 1267 operis
1290 1217 1452 1256 videtur

237 1277 290 1316 de
320 1279 516 1315 universis
545 1278 765 1329 generibus
794 1291 945 1323 rerum,
966 1291 1091 1329 quam
1119 1278 1172 1316 de
1201 1279 1452 1331 singulorum

238 1342 384 1386 causis,
399 1353 446 1378 ac
459 1340 590 1378 multo
607 1343 734 1378 etiam
747 1343 878 1378 maius
899 1340 951 1379 de
966 1346 1115 1379 natura
1129 1341 1313 1388 deorum,
1327 1356 1451 1394 quam

177 1411 221 1445 ’12
239 1403 291 1441 de
329 1402 541 1441 hominum
578 1403 718 1441 litibus
757 1403 905 1442 dicere.
975 1403 1068 1442 Non
1106 1409 1170 1442 est
1206 1407 1280 1451 ita,
1317 1407 1451 1458 inquit

239 1466 456 1504 Antonius.
513 1466 660 1504 Dicam
678 1468 787 1504 enim
804 1467 894 1512 tibi,
911 1465 1073 1512 Catule,
1089 1480 1171 1505 non
1188 1472 1275 1505 tam
1291 1467 1450 1515 doctus,

238 1542 377 1580 quam,
393 1529 435 1567 id
455 1529 566 1580 quod
585 1534 649 1567 est
663 1531 809 1575 maius,
825 1534 1034 1580 expertus.
1084 1529 1280 1568 Omnium
1294 1536 1451 1570 cetera-

237 1605 328 1629 rum
352 1605 489 1629 rerum
512 1594 657 1637 oratio,
680 1591 779 1629 mihi
803 1591 939 1638 crede,
962 1591 1081 1630 ludus
1106 1598 1170 1631 est
1192 1591 1346 1632 homini
1369 1607 1451 1633 non

237 1654 394 1700 hebeti,
426 1667 561 1706 neque
592 1657 879 1700 inexercitato,
910 1668 1046 1706 neque
1078 1658 1355 1695 communium
1386 1656 1451 1696 lit-

237 1722 420 1756 terarum
445 1722 489 1755 et
507 1716 704 1768 politioris
725 1716 994 1755 humanitatis
1015 1721 1191 1769 experti.
1242 1718 1291 1757 In
1310 1732 1450 1758 causa-

237 1793 328 1818 rum
369 1780 701 1818 contentionibus
742 1793 939 1832 magnum
981 1786 1045 1818 est
1086 1780 1293 1832 quoddam
1333 1795 1451 1834 opus,

239 1849 366 1894 atque
398 1842 510 1881 haud
541 1845 680 1888 sciam,
714 1856 767 1880 an
799 1843 852 1881 de
884 1842 1072 1881 humanis
1106 1845 1296 1895 operibus
1329 1844 1451 1897 longe

239 1907 490 1944 maximum:
528 1907 570 1943 in
594 1905 741 1957 quibus
762 1908 820 1944 vis
844 1908 1014 1944 oratoris
1038 1905 1281 1959 plerumque
1302 1907 1355 1946 ab
1377 1909 1453 1946 im—

475 2025 491 2041 ⁰
517 2021 572 2055 i.e.
590 2024 752 2055 concrete
768 2020 839 2054 and
856 2021 1013 2055 abstract
1027 2021 1216 2065 problems.

242 2078 321 2113 250
