1560 2294
742 123 946 163 CICERO

236 228 369 278 agitui
395 239 478 264 non
501 226 633 265 solum
658 229 813 280 ingenii
833 231 962 267 nostri
982 231 1247 278 existimatio,
1266 231 1379 285 (nam
1404 232 1446 272 id

236 294 347 327 esset
382 287 511 327 levius
526 301 842 342 3—quanquam,
876 304 969 330 cum
1002 291 1208 344 professus
1241 295 1294 332 sis
1327 299 1372 333 te
1403 295 1447 334 id

234 364 353 402 posse
373 349 524 398 facere,
540 352 651 403 quod
670 355 804 404 pauci,
823 366 876 392 ne
896 353 939 392 id
959 354 1127 406 quidem
1141 355 1446 408 neglegendum

236 413 343 466 est);
371 413 445 452 sed
465 414 544 452 alia
563 420 660 453 sunt
678 417 834 454 maiora
852 416 998 463 multo,
1019 417 1135 464 fides,
1154 418 1343 466 officium,
1358 419 1446 459 dili-

236 478 393 528 gentia,
421 477 569 528 quibus
606 478 729 516 rebus
768 478 950 525 adducti,
991 483 1118 519 etiam
1155 494 1249 520 cum
1287 481 1446 522 alienis-

155 546 217 581 193
236 541 357 578 simos
377 538 652 586 defendimus,
671 546 814 579 tamen
833 554 903 580 eos
923 542 1090 589 alienos,
1109 545 1143 582 si
1161 546 1238 596 ipsi
1257 547 1332 583 viri
1349 545 1446 584 boni

236 601 420 640 volumus
445 601 603 648 haberi,
627 605 864 642 existimare
887 618 970 643 non
994 619 1223 657 possumus.
1279 606 1376 654 Sed,
1398 614 1446 648 ut

234 663 332 710 dixi,
347 677 400 703 ne
417 663 495 703 hoc
509 667 551 703 in
566 666 682 704 nobis
699 669 848 705 mirum
866 680 955 706 esse
971 667 1174 715 videatur,
1191 669 1291 721 quid
1306 676 1447 722 potest

234 739 324 765 esse
354 732 442 766 tam
472 727 614 767 fictum
643 742 767 780 quam
796 742 949 776 versus,
978 744 1103 783 quam
1133 745 1295 779 scaena,
1322 746 1446 785 quam

233 787 433 828 fabulae?
489 790 647 829 Tamen
672 794 715 829 in
742 791 819 830 hoc
842 806 996 844 genere
1020 806 1145 845 saepe
1170 797 1259 846 ipse
1282 795 1378 842 vidi,
1398 802 1447 836 ut

234 865 286 890 ex
309 865 484 903 persona
502 853 602 892 mihi
624 853 768 892 ardere
790 855 895 893 oculi
914 855 1088 894 hominis
1107 855 1314 897 histrionis
1334 858 1446 898 vide-

232 920 377 953 rentur
397 915 610 966 spondalia
627 916 697 955 illa
715 916 915 957 dicentis:

299 1013 486 1046 segregare
501 1003 567 1037 abs
583 1006 619 1037 te
634 1014 725 1038 ausu
729 1003 756 1038 ’s
772 1008 837 1039 aut
852 1006 928 1040 sine
944 1005 1005 1040 illo
1021 1005 1209 1042 Salamina
1224 1007 1376 1053 ingredi,

299 1065 415 1098 neque
430 1058 622 1098 paternum
638 1059 825 1099 aspectum
839 1067 878 1091 es
892 1058 1026 1091 veritus
1035 1060 1050 1091 ?

234 1131 456 1184 Nunquam
503 1132 617 1170 illum
665 1132 904 1185 ‘aspectum
920 1133 928 1148 '
972 1135 1152 1183 dicebat,
1197 1139 1296 1189 quin
1343 1137 1442 1176 mihi

233 1194 431 1233 Telamon
451 1197 579 1233 iratus
598 1194 736 1234 furere
755 1196 870 1235 luctu
891 1197 960 1235 filii
977 1198 1198 1238 videretur.
1256 1199 1318 1239 Ut
1331 1199 1443 1239 idem

234 1257 386 1296 inflexa
406 1257 460 1295 ad
477 1258 753 1297 miserabilem
772 1272 918 1297 sonum
937 1273 1050 1304 voce,

596 1356 704 1388 quem
720 1349 838 1381 aetate
854 1350 979 1381 exacta
996 1347 1155 1392 indigem

274 1396 426 1430 liberum
443 1395 621 1436 lacerasti,
639 1397 786 1438 orbasti,
804 1400 970 1432 exstinxti
985 1413 994 1438 ς
1022 1411 1139 1443 neque
1154 1401 1274 1435 fratris
1292 1402 1399 1443 necis,

273 1459 389 1491 neque
405 1449 480 1482 eius
496 1449 599 1491 gnati
616 1451 729 1492 parvi,
747 1451 811 1493 qui
827 1450 893 1483 tibi
911 1452 947 1484 in
964 1451 1115 1485 tutelam
1132 1455 1185 1486 est
1201 1452 1379 1488 traditus?

234 1525 335 1564 flens
378 1539 425 1564 ac
468 1526 613 1578 lugens
658 1526 794 1566 dicere
836 1529 1066 1568 videbatur.
1141 1529 1260 1579 Quae
1300 1534 1334 1570 si
1373 1531 1441 1571 ille

233 1588 390 1634 histrio,
441 1589 591 1627 cotidie
641 1603 734 1628 cum
786 1597 944 1643 ageret,
991 1597 1134 1631 tamen
1184 1607 1308 1646 agere
1354 1596 1441 1634 sine

234 1651 372 1690 dolore
419 1665 500 1690 non
546 1657 726 1703 poterat,
775 1653 874 1705 quid
926 1653 1147 1694 Pacuvium
1192 1658 1349 1707 putatis
1399 1659 1441 1696 in

233 1713 446 1752 scribendo
467 1713 550 1752 leni
574 1717 709 1753 animo
730 1729 777 1754 ac
799 1718 967 1755 remisso
989 1715 1114 1756 fuisse
1132 1718 1148 1756 ?
1203 1718 1310 1758 Fieri
1331 1719 1441 1758 nullo

153 1788 215 1822 194
232 1776 354 1815 modo
390 1779 539 1828 potuit.
596 1776 728 1829 Saepe
766 1780 875 1817 enim
912 1779 1046 1817 audivi
1084 1786 1251 1831 poetam
1287 1781 1440 1821 bonum

235 1839 538 1878 neminem—id
553 1840 663 1891 quod
683 1853 707 1878 a
723 1841 961 1880 Democrito
977 1847 1021 1881 et
1037 1842 1209 1882 Platone
1224 1846 1267 1882 in
1281 1846 1440 1896 scriptis

281 1992 434 2026 “These
452 1991 540 2026 lines
556 2003 616 2026 are
631 1994 725 2027 from
741 1994 802 2028 the
820 1995 958 2034 Teucer,
975 2006 998 2029 a
1018 1996 1170 2040 tragedy
1190 1997 1232 2030 of
1250 1997 1437 2032 Pacuvius.

233 2035 301 2068 See
318 2036 487 2070 Romaim
503 2037 546 2080 of
558 2037 628 2071 Old
644 2037 765 2079 Latin,
782 2040 817 2072 ii.
835 2049 895 2082 pp
912 2042 997 2073 292-
998 2042 1066 2074 298
1081 2040 1140 2084 (L,
1144 2040 1183 2075 C.
1188 2040 1230 2074 L.
1235 2041 1259 2084 ).

233 2095 310 2130 836
