1560 2294
757 96 960 136 CICERO

253 197 590 250 disputationem,
620 200 673 238 ad
702 214 826 251 quam
855 206 899 239 te
929 201 1010 240 duo
1040 202 1279 242 excellentis
1307 206 1459 257 ingenii

254 271 535 311 adolescentes
554 276 726 324 cupiunt
745 274 953 313 accedere.

171 351 234 383 107
304 345 394 397 Ego
436 359 547 392 vero,
589 349 738 398 inquit,
777 349 865 386 istis
907 349 1079 401 obsequi
1121 350 1283 398 studeo,
1325 364 1460 403 neque

252 420 453 470 gravabor
487 420 668 459 breviter
702 434 796 459 meo
830 435 959 468 more,
994 422 1094 474 quid
1129 437 1292 476 quaque
1328 425 1380 464 de
1414 438 1459 464 re

252 495 442 539 sentiam,
458 493 607 532 dicere.
655 495 717 533 Ac
731 497 909 546 primum
924 495 1271 549 illud—quoniam
1287 501 1459 537 auctori-

249 572 383 605 tatem
410 573 527 606 tuam
550 568 787 621 neglegere,
810 568 1018 617 Scaevola,
1044 569 1106 609 fas
1133 570 1233 609 mihi
1261 585 1350 611 esse
1377 586 1458 612 non

249 641 647 692 puto—respondeo,
662 642 762 681 mihi
777 643 939 682 dicendi
961 649 1034 683 aut
1049 644 1203 683 nullam
1223 651 1370 692 artem,
1385 651 1458 685 aut

248 720 494 765 pertenuem
531 715 673 762 videri,
710 716 784 755 sed
820 730 986 756 omnem
1023 731 1112 757 esse
1150 722 1457 759 contentionem

248 790 357 826 inter
381 788 566 828 homines
592 790 734 829 doctos
759 793 802 828 in
827 791 941 830 verbi
967 795 1242 832 controversia
1265 796 1455 845 positam.

167 870 229 903 108
248 861 354 900 Nam
388 865 420 900 si
454 877 518 902 ars
557 866 617 902 ita
656 864 865 911 definitur,
896 870 945 904 ut
976 866 1100 917 paulo
1134 872 1232 906 ante
1267 870 1456 919 exposuit

247 936 465 983 Antonius,
487 950 539 975 ex
560 938 682 976 rebus
703 941 869 990 penitus
889 942 1115 991 perspectis
1135 940 1341 993 planeque
1362 955 1456 994 cog-

245 1012 355 1055 nitis,
371 1016 497 1062 atque
513 1012 565 1049 ab
580 1014 779 1063 opinionis
797 1013 964 1051 arbitrio
979 1016 1187 1060 seiunctis,
1201 1017 1454 1067 scientiaque

245 1083 562 1135 comprehensis,
595 1099 678 1124 non
715 1085 815 1124 mihi
853 1086 1017 1125 videtur
1054 1101 1118 1126 ars
1156 1091 1326 1127 oratoris
1365 1102 1452 1128 esse

245 1157 338 1195 ulla.
383 1157 488 1196 Sunt
505 1161 615 1197 enim
632 1161 756 1206 varia,
774 1165 818 1198 et
835 1160 888 1199 ad
904 1160 1115 1213 vulgarem
1131 1161 1453 1215 popularemque

244 1244 408 1269 sensum
440 1233 749 1272 accommodata
781 1236 919 1272 omnia
948 1247 1103 1287 genera
1133 1235 1252 1274 huius
1282 1235 1452 1275 forensis

160 1312 225 1345 109
243 1311 406 1343 nostrae
425 1305 625 1345 dictionis.
671 1306 742 1345 Sin
759 1313 901 1346 autem
918 1321 982 1355 ea,
999 1322 1106 1360 quae
1123 1309 1340 1348 observata
1356 1316 1452 1349 sunt

241 1381 283 1416 in
304 1392 380 1417 usu
401 1393 448 1418 ac
469 1383 628 1419 ratione
650 1381 827 1428 dicendi,
847 1381 951 1420 haec
972 1382 1024 1420 ab
1045 1381 1276 1422 hominibus
1297 1383 1450 1422 callidis

241 1466 288 1491 ac
315 1456 457 1504 peritis
486 1454 770 1494 animadversa
797 1468 845 1494 ac
872 1461 1031 1502 notata,
1059 1456 1192 1495 verbis
1220 1457 1450 1509 designata,

240 1527 460 1578 generibus
473 1527 690 1575 illustrata,
703 1530 889 1580 partibus
902 1529 1122 1568 distributa
1134 1530 1323 1569 sunt—id
1340 1531 1449 1583 quod

241 1600 327 1638 fieri
355 1604 538 1652 potuisse
565 1602 762 1641 video—z
789 1616 871 1641 non
897 1603 1108 1656 intellego,
1133 1617 1257 1656 quam
1283 1605 1336 1643 ob
1361 1618 1448 1644 rem

240 1687 334 1720 non,
358 1677 391 1712 si
416 1678 550 1714 minus
577 1675 646 1714 illa
673 1676 813 1715 subtili
840 1676 1094 1723 definitione,
1118 1683 1163 1716 at
1189 1676 1266 1716 hac
1293 1677 1446 1730 vulgari

238 1750 443 1798 opinione,
473 1762 536 1787 ars
566 1763 655 1788 esse
684 1749 884 1788 videatur.
940 1749 1022 1788 Sed
1050 1753 1134 1789 sive
1164 1756 1228 1790 est
1257 1764 1335 1797 ars,
1363 1754 1446 1790 sive

238 1824 336 1859 artis
362 1822 567 1873 quaedam
591 1823 829 1869 similitudo,
849 1837 931 1862 non
957 1829 1021 1862 est
1041 1824 1208 1875 quidem
1234 1837 1284 1863 ea
1307 1825 1446 1877 negle-

237 1894 373 1946 genda
387 1907 398 1941 ;
439 1909 580 1934 verum
606 1896 932 1948 intellegendum
957 1903 1034 1943 est,
1058 1897 1137 1935 alia
1163 1898 1367 1950 quaedam
1393 1898 1445 1938 ad

237 1969 569 2021 consequendam
590 1970 869 2023 eloquentiam
889 1983 978 2009 esse
997 1973 1162 2010 maiora.

235 2058 287 2094 76
