1560 2294
727 117 933 158 CICERO

221 224 369 268 tentia,
384 227 432 261 ut
447 235 529 261 non
543 222 666 261 modo
681 236 764 261 non
779 223 954 261 arbitrer
968 221 1194 261 subsidium
1208 221 1433 260 senectutis

220 285 263 321 in
292 295 448 328 eorum,
477 285 548 334 qui
576 282 809 321 consultum
838 285 1020 329 veniant,
1048 281 1315 321 multitudine
1343 293 1433 319 esse

221 341 473 393 ponendum,
491 342 565 381 sed
581 347 783 394 tanquam
799 347 966 394 portum
984 342 1177 394 aliquem,
1195 346 1433 393 exspectem

221 404 357 448 istam,
376 415 501 454 quam
519 407 567 441 tu
585 405 722 448 times,
740 402 1016 441 solitudinem.
1072 401 1307 441 Subsidium
1325 403 1434 440 enim

221 462 488 500 bellissimum
509 464 699 501 existimo
720 475 809 500 esse
828 465 1049 508 senectuti,
1067 464 1211 501 otium.

138 528 204 562 256
273 521 449 573 Reliqua
473 535 570 560 vero
597 524 758 561 etiamsi
788 522 999 568 adiuvant,
1024 521 1236 560 historiam
1261 521 1366 568 dico,
1391 525 1436 560 et

223 581 487 632 prudentiam
511 583 607 620 iuris
631 582 797 634 publici,
818 587 863 621 et
887 584 1147 634 antiquitatis
1173 584 1284 628 iter,¹
1303 587 1348 620 et
1366 594 1437 620 ex-

225 641 453 692 emplorum
469 644 644 694 copiam,
661 644 695 680 si
712 641 877 694 quando
893 655 995 693 opus
1014 644 1107 688 erit,
1124 655 1149 680 a
1165 644 1250 680 viro
1266 644 1437 693 optimo,

225 706 270 739 et
297 703 386 740 istis
414 702 537 740 rebus
566 704 894 748 instructissimo,
919 700 1110 740 familiari
1137 715 1245 748 meo,
1270 701 1438 754 Congo¹

224 762 458 800 mutuabor.
514 761 662 814 Neque
695 762 951 814 repugnabo,
982 762 1295 814 quominus—id
1327 761 1438 814 quod

225 822 347 860 modo
370 821 560 861 hortatus
584 824 820 860 es—-omnia
843 821 1002 875 legant,
1028 824 1166 861 omnia
1191 822 1377 868 audiant,
1395 824 1438 860 in

225 884 335 920 omni
357 887 471 921 recto
493 882 630 921 studio
653 887 781 934 atque
802 881 1063 920 humanitate
1085 888 1301 921 versentur
1319 896 1329 922 :
1365 882 1439 920 sed

224 941 459 980 mehercule
484 956 566 981 non
588 944 650 981 ita
667 942 846 981 multum
865 945 987 994 spatii
1007 941 1107 981 mihi
1125 941 1280 981 habere
1299 942 1440 982 viden-

225 1007 307 1049 tur,
327 1005 360 1040 si
386 1002 509 1041 modo
530 1015 580 1041 ea
598 1001 736 1041 facere
758 1008 802 1041 et
820 1005 1014 1054 persequi
1034 1002 1188 1049 volent,
1208 1016 1316 1055 quae
1336 1016 1361 1041 a
1379 1008 1438 1050 te,

224 1062 383 1108 Crasse,
404 1068 629 1114 praecepta
649 1068 747 1101 sunt
765 1075 775 1109 3
811 1065 881 1114 qui
901 1062 1002 1101 mihi
1021 1076 1150 1114 prope
1172 1065 1299 1102 etiam
1319 1065 1438 1102 nimis

225 1122 346 1160 duras
366 1122 480 1174 leges
500 1125 713 1174 imponere
733 1125 841 1161 visus
862 1135 905 1161 es
925 1121 1020 1161 huic
1040 1125 1184 1170 aetati,
1204 1123 1278 1162 sed
1297 1129 1439 1162 tamen

225 1182 278 1220 ad
295 1182 351 1228 id,
369 1182 480 1234 quod
498 1185 683 1233 cupiunt,
702 1182 1012 1233 adipiscendum
1029 1196 1157 1234 prope
1175 1186 1437 1223 necessarias.

140 1250 204 1283 257
226 1242 332 1280 Nam
347 1248 391 1281 et
404 1242 566 1280 subitae
582 1242 634 1281 ad
648 1245 877 1294 propositas
891 1255 1034 1281 causas
1049 1245 1380 1290 exercitationes,
1395 1251 1440 1283 et

225 1307 456 1348 accuratae,
471 1307 515 1340 et
527 1302 757 1341 meditatae
770 1305 1155 1350 commentationes,
1168 1316 1215 1342 ac
1227 1303 1358 1356 stylus
1370 1303 1438 1343 ille

225 1368 335 1408 tuus,
351 1375 476 1414 quem
490 1367 538 1401 tu
553 1375 648 1401 vere
665 1362 805 1401 dixisti
818 1361 1095 1414 perfectorem
1109 1363 1272 1402 dicendi
1287 1377 1376 1403 esse
1391 1377 1439 1403 ac

225 1425 482 1474 magistrum,
506 1422 626 1460 multi
650 1423 807 1461 sudoris
834 1428 927 1468 est3
962 1428 1007 1461 et
1028 1422 1098 1461 illa
1122 1426 1316 1462 orationis
1339 1437 1438 1463 suae

224 1496 318 1520 cum
342 1485 502 1533 scriptis
528 1482 669 1521 alienis
694 1485 961 1534 comparatio,
986 1487 1031 1521 et
1053 1482 1106 1521 de
1131 1483 1264 1522 alieno
1287 1486 1438 1536 scripto

224 1543 375 1588 subita,
389 1542 454 1581 vel
466 1542 676 1589 laudandi,
689 1542 755 1581 vel
767 1542 1042 1594 vituperandi,
1055 1542 1120 1582 vel
1132 1544 1439 1595 comprobandi,

225 1602 290 1641 vel
304 1601 519 1641 refellendi
535 1616 672 1649 causa,
688 1602 928 1654 disputatio,
943 1616 1026 1641 non
1040 1602 1255 1643 mediocris
1270 1610 1439 1644 conten-

226 1665 346 1701 tionis
367 1668 445 1708 est,
464 1662 530 1701 vel
549 1663 602 1702 ad
620 1665 875 1709 memoriam,
894 1662 959 1701 vel
978 1663 1031 1702 ad
1049 1663 1308 1704 imitandum.

138 1729 206 1761 258
279 1722 388 1760 LXI.
420 1722 527 1761 Illud
563 1736 660 1761 vero
697 1722 777 1761 fuit
813 1722 1019 1769 horribile,
1057 1723 1168 1775 quod
1203 1723 1438 1765 mehercule

227 1795 381 1828 vereor,
415 1795 468 1820 ne
495 1784 693 1821 maiorem
721 1785 803 1820 vim
831 1782 884 1821 ad
911 1782 1205 1822 deterrendum
1232 1783 1437 1833 habuerit,

226 1855 352 1894 quam
371 1841 424 1880 ad
443 1841 754 1881 cohortandum.
810 1841 983 1881 Voluisti
1003 1845 1113 1882 enim
1131 1846 1174 1881 in
1192 1857 1266 1883 suo
1283 1858 1437 1897 genere

528 1949 543 1971 ¹
565 1951 655 1985 scita
669 1950 776 1990 Reid,
793 1951 1005 1984 memoriam
1022 1950 1133 1986 Koch.

513 1992 530 2014 ¹
549 1993 645 2028 Roth
657 2007 671 2033 .·
694 1993 823 2037 Longo
840 1993 1023 2038 (Longino
1040 1994 1150 2039 θεῖά).

230 2068 303 2106 188
