1560 2294
783 118 987 158 CICERO

280 223 480 263 timiditas
505 226 548 263 in
574 227 704 263 causis
726 230 896 276 propter
920 228 1205 276 praestantem
1225 220 1489 274 prudentiam

281 297 414 336 Crassi
442 298 704 351 neglegenda
731 303 824 344 est;
866 303 1043 350 uterque
1072 299 1182 335 enim
1208 298 1381 334 istorum
1406 306 1490 332 non

279 370 380 410 mihi
412 372 555 411 attulit
587 372 767 424 aliquam
795 371 869 410 sed
899 385 1015 410 suam
1043 370 1286 423 significavit
1317 366 1489 406 faculta-

197 450 261 484 301
280 450 381 484 tem.
436 445 605 484 Etenim
623 445 830 497 permulta
849 451 946 484 sunt
967 447 1011 483 in
1030 447 1160 483 causis
1179 446 1222 482 in
1241 444 1352 482 omni
1370 445 1489 493 parte

283 521 476 558 orationis
505 519 867 571 circumspicienda
895 533 948 557 ne
978 518 1077 570 quid
1105 517 1301 562 offendas,
1327 528 1380 553 ne
1409 526 1490 566 quo

282 596 436 632 irruas:
465 606 588 644 saepe
616 594 740 645 aliqui
766 595 885 632 testis
905 598 978 631 aut
1003 606 1086 630 non
1110 591 1240 630 laedit
1257 595 1330 628 aut
1357 590 1491 627 minus

282 666 411 706 laedit
439 669 515 705 nisi
537 667 783 714 lacessatur3
815 672 907 705 orat
929 679 1037 712 reus,
1063 670 1214 718 urgent
1238 663 1425 702 advocati
1443 665 1491 699 ut

281 740 536 787 invehamur,
565 746 613 780 ut
640 741 947 786 maledicamus,
977 740 1156 791 denique
1185 744 1234 777 ut
1265 740 1491 788 interroge-

281 827 395 854 mus:
440 828 523 854 non
541 828 722 861 moveor,
742 828 825 853 non
851 815 1108 865 obtempero,
1127 826 1211 852 non
1236 809 1493 850 satisfacio-

283 902 419 941 neque
445 894 588 928 tamen
611 888 736 927 ullam
756 902 951 940 assequor
975 887 1155 934 laudem,
1174 886 1360 925 homines
1383 885 1492 923 enim

284 965 465 1015 imperiti
505 961 662 1001 facilius
697 963 808 1015 quod
841 961 968 1001 stulte
1006 961 1157 1000 dixeris
1190 957 1492 1012 reprehendere

202 1041 269 1077 302
286 1050 410 1089 quam
431 1037 542 1088 quod
562 1039 771 1088 sapienter
791 1039 968 1075 tacueris
987 1035 1156 1074 laudare
1177 1038 1360 1086 possunt.
1415 1030 1494 1069 Hic

287 1116 489 1162 quantum
518 1110 566 1149 fit
590 1110 687 1148 mali
715 1113 749 1149 si
776 1113 942 1156 iratum,
968 1112 1002 1148 si
1027 1123 1110 1148 non
1137 1108 1325 1153 stultum,
1351 1109 1384 1145 si
1412 1118 1493 1144 non

284 1184 419 1223 levem
442 1190 598 1223 testem
619 1183 786 1223 laeseris
806 1184 814 1223 ἔ
869 1184 1011 1222 Habet
1036 1186 1146 1221 enim
1171 1188 1215 1221 et
1238 1181 1494 1220 voluntatem

284 1258 459 1297 nocendi
485 1260 527 1296 in
552 1258 763 1296 iracundia
782 1263 827 1296 et
852 1260 935 1296 vim
953 1259 997 1295 in
1018 1258 1185 1309 ingenio
1205 1261 1250 1294 et
1273 1254 1433 1307 pondus
1451 1255 1494 1292 in

284 1334 382 1371 vita.
439 1332 540 1378 Nec,
567 1334 601 1370 si
629 1331 706 1370 hoc
733 1331 901 1370 Crassus
929 1345 1012 1370 non
1040 1332 1277 1375 committit,
1296 1328 1390 1367 ideo
1412 1341 1494 1366 non

283 1405 403 1445 multi
420 1411 464 1444 et
483 1419 607 1457 saepe
623 1408 914 1451 committunt;
943 1419 1024 1457 quo
1039 1404 1208 1456 quidem
1221 1402 1320 1441 mihi
1335 1404 1494 1454 turpius

286 1479 415 1518 videri
434 1479 534 1518 nihil
560 1479 666 1518 solet
685 1493 810 1531 quam
830 1479 941 1531 quod
967 1492 1019 1517 ex
1038 1480 1209 1517 oratoris
1229 1477 1339 1516 dicto
1359 1475 1494 1528 aliquo

287 1559 361 1592 aut
389 1566 583 1605 responso
613 1559 686 1592 aut
713 1558 859 1606 rogato
888 1566 1022 1591 sermo
1050 1551 1118 1590 ille
1147 1553 1357 1603 sequitur:
1388 1549 1397 1564 ‘
1416 1549 1494 1589 Oc-

288 1627 415 1666 cidit.²
473 1627 481 1641 ‘
494 1627 840 1666 Adversariumne
855 1627 870 1665 ?
887 1626 895 1640 ’
954 1626 963 1640 ⁸
980 1626 1112 1665 Immo
1135 1624 1261 1671 vero,’
1281 1627 1410 1670 aiunt,
1429 1623 1494 1663 ‘se

203 1706 270 1740 303
289 1707 333 1740 et
362 1714 457 1739 eum
483 1715 608 1753 quem
636 1699 852 1739 defendit.'
908 1699 1073 1738 LXXV.
1103 1699 1193 1738 Hoc
1219 1698 1386 1737 Crassus
1413 1711 1495 1737 non

288 1780 411 1827 putat
430 1778 506 1813 nisi
525 1775 698 1827 perfidia
721 1774 905 1813 accidere
925 1787 1059 1826 posse,
1078 1786 1156 1825 ego
1183 1777 1324 1811 autem
1344 1774 1495 1824 saepis-

288 1852 390 1887 sime
425 1848 544 1887 video
578 1851 621 1887 in
654 1850 785 1887 causis
821 1847 975 1899 aliquid
1007 1847 1102 1885 mali
1142 1845 1279 1885 facere
1309 1845 1494 1884 homines

287 1925 455 1961 minime
479 1921 619 1961 malos.
676 1921 800 1970 Quid,
827 1921 927 1960 illud
954 1921 1064 1973 quod
1090 1933 1213 1972 supra
1238 1920 1337 1966 dixi,
1363 1919 1493 1959 solere

286 2009 354 2035 me
386 1996 549 2042 cedere,
582 2001 639 2042 et,
672 2000 720 2034 ut
750 1995 910 2047 planius
944 1994 1092 2041 dicam,
1124 1992 1270 2047 fugere
1303 2006 1354 2032 ea
1387 2006 1494 2046 quae

286 2082 362 2117 428
