1560 2294
776 118 980 158 CICERO

275 227 394 267 valde
418 239 584 266 causam
608 238 746 264 meam
764 227 1016 276 premerent,
1035 235 1130 261 cum
1151 221 1196 261 id
1217 234 1300 260 non
1324 219 1483 259 faciunt

277 301 345 340 alii
364 305 662 351 versanturque
687 301 731 337 in
749 297 930 336 hostium
949 298 1092 335 castris
1117 309 1166 334 ac
1183 308 1258 334 sua
1279 293 1483 347 praesidia

279 376 510 420 dimittunt,
547 372 862 411 mediocriterne
903 372 1035 409 causis
1078 374 1230 408 nocent
1272 382 1367 408 cum
1410 373 1484 407 aut

280 449 603 488 adversariorum
632 446 873 485 adiumenta
905 443 1149 482 confirmant
1183 447 1257 482 aut
1291 455 1343 482 ea
1376 455 1483 495 quae

195 528 262 562 304
279 535 424 562 sanare
436 525 652 573 nequeunt
664 518 933 559 exulcerant?
977 517 1102 566 Quid,
1113 530 1208 556 cum
1217 530 1484 569 personarum

279 610 380 649 quas
396 594 628 635 defendunt
642 596 846 632 rationem
864 605 947 631 non
966 591 1138 638 habent,
1152 593 1186 629 si
1205 603 1313 643 quae
1332 595 1429 630 sunt
1442 592 1486 629 in

280 673 338 710 eis
364 669 563 708 invidiosa
581 681 664 707 non
682 669 878 719 mitigant
903 665 1169 705 extenuando
1187 665 1262 704 sed
1279 663 1486 704 laudando

281 750 326 784 et
351 743 559 783 efferendo
583 741 843 781 invidiosiora
867 739 1039 786 faciunt,
1058 745 1261 791 quantum
1279 744 1344 778 est
1367 741 1411 778 in
1436 751 1486 778 eo

281 818 453 858 tandem
467 817 564 856 mali
579 817 595 854 ?
629 815 754 864 Quid,
769 817 802 853 si
816 817 860 852 in
873 813 1060 853 homines
1074 826 1189 852 caros
1203 813 1486 866 iudicibusque

281 891 478 931 iucundos
505 893 593 929 sine
619 889 703 928 ulla
726 890 1057 941 praemunitione
1083 889 1278 926 orationis
1301 888 1486 927 acerbius

283 972 328 1005 et
370 965 703 1004 contumeliosius
745 962 956 1008 invehare‚
993 974 1130 1001 nonne
1175 975 1201 1000 a
1243 967 1288 1000 te
1332 961 1486 1001 iudices

197 1052 264 1085 305
283 1039 524 1079 abalienes?
579 1037 703 1086 Quid,
749 1039 783 1076 si
820 1049 928 1088 quae
971 1038 1071 1074 vitia
1113 1040 1187 1074 aut
1229 1035 1488 1076 incommoda

282 1119 379 1153 sunt
410 1116 454 1151 in
488 1113 624 1164 aliquo
658 1111 792 1150 iudice
826 1124 909 1149 uno
943 1115 1017 1148 aut
1052 1109 1251 1161 pluribus,
1284 1123 1335 1149 ea
1361 1115 1410 1149 tu
1444 1113 1487 1149 in

283 1188 523 1227 adversariis
548 1184 833 1237 exprobrando
857 1197 939 1222 non
963 1183 1182 1236 intellegas
1202 1189 1246 1222 te
1265 1186 1309 1222 in
1333 1184 1488 1224 iudices

281 1261 433 1307 invehi,
466 1260 727 1299 mediocrene
759 1263 978 1310 peccatum
1015 1257 1113 1296 est?
1167 1256 1292 1306 Quid,
1324 1260 1358 1296 si
1394 1271 1488 1298 cum

281 1349 355 1388 pro
400 1335 530 1373 altero
577 1333 702 1379 dicas,
745 1332 863 1371 litem
907 1337 1024 1370 tuam
1066 1330 1193 1370 facias
1238 1337 1311 1370 aut
1354 1331 1487 1371 laesus

283 1408 452 1449 efferare
471 1407 694 1453 iracundia,
714 1419 879 1445 causam
901 1405 1121 1457 relinquas,
1136 1404 1289 1444 nihilne
1310 1406 1488 1446 noceas?

285 1484 334 1522 In
354 1496 436 1535 quo
463 1495 540 1534 ego
562 1494 644 1519 non
664 1493 746 1532 quo
771 1480 950 1518 libenter
969 1478 1077 1518 male
1103 1479 1268 1518 audiam
1293 1479 1368 1519 sed
1392 1482 1489 1533 quia

284 1570 449 1596 causam
486 1569 568 1594 non
604 1555 783 1593 libenter
818 1553 1004 1605 relinquo
1043 1555 1214 1591 nimium
1245 1556 1408 1605 patiens
1444 1559 1490 1594 et

283 1631 420 1670 lentus
451 1632 691 1674 existimor;
719 1633 767 1666 ut
796 1640 890 1666 cum
918 1632 963 1665 te
991 1629 1139 1678 ipsum,
1165 1625 1330 1678 Sulpici,
1356 1628 1490 1667 obiur-

283 1705 434 1757 gabam
447 1703 558 1755 quod
569 1704 890 1740 ministratorem
904 1706 1084 1752 peteres,
1095 1713 1178 1739 non
1193 1700 1490 1748 adversarium

286 1792 338 1817 ex
354 1791 435 1830 quo
451 1779 578 1815 etiam
592 1775 692 1814 illud
715 1787 922 1826 assequor,
935 1779 983 1813 ut
1004 1776 1037 1812 si
1052 1776 1142 1826 quis
1157 1773 1256 1812 mihi
1271 1774 1491 1814 maledicat

202 1869 269 1903 30ss
286 1851 477 1903 petulans
503 1855 576 1888 aut
604 1849 726 1901 plane
751 1851 916 1886 insanus
944 1861 1032 1886 esse
1059 1847 1260 1887 videatur.
1316 1848 1365 1886 In
1394 1851 1491 1900 ipsis

288 1931 429 1963 autem
448 1925 701 1976 argumentis
719 1924 752 1960 si
771 1921 870 1973 quid
888 1924 1070 1972 posueris
1089 1927 1162 1960 aut
1182 1927 1326 1972 aperte
1343 1920 1492 1961 falsum

287 2004 361 2037 aut
390 2000 427 2037 ei
458 1996 569 2050 quod
601 1996 752 2035 dixeris
784 1995 1017 2034 dicturusve
1046 1997 1099 2033 sis
1134 1997 1382 2034 contrarium
1421 2001 1496 2036 aut

288 2077 365 2112 430
