1560 2294
778 119 983 159 CICERO

272 240 380 280 quae
403 229 486 265 sint
508 225 733 279 frigidiora,
756 227 933 263 vitemus
959 225 1132 277 (etenim
1155 223 1385 262 cavendum
1408 227 1487 270 est,

272 295 325 321 ne
341 284 581 320 arcessitum
596 280 754 319 dietum
767 279 972 331 putetur),
986 278 1194 331 permulta
1207 283 1351 317 tamen
1365 282 1486 316 acute

272 337 468 376 dicemus.

324 391 516 429 Alterum
540 403 671 442 genus
696 395 775 435 est,
799 388 910 440 quod
932 387 1062 427 habet
1084 401 1254 439 parvam
1277 387 1391 426 verbi
1412 389 1488 425 im-

271 448 562 491 mutationem,
589 444 701 496 quod
724 446 768 482 in
793 443 935 482 littera
959 445 1140 494 positum
1167 442 1315 480 Graeci
1339 446 1488 480 vocant

272 499 579 551 παρονομασίαν,
612 504 660 537 ut
698 498 707 512 ‘
727 497 994 543 Nobiliorem,
1031 497 1288 536 mobiliorem
1306 495 1315 510 '
1354 495 1487 542 Cato3

273 560 361 601 aut,
382 560 431 593 ut
458 554 584 600 idem,
605 567 699 592 cum
721 553 885 591 cuidam
914 552 1111 591 dixisset:
1145 551 1153 565 ‘
1173 551 1327 589 Eamus
1349 550 1490 589 deam-

272 609 463 648 bulatum
482 608 520 647 ':
559 614 603 647 et
631 608 725 646 ille:
766 607 774 620 ‘
795 607 906 655 Quid
933 620 1036 658 opus
1063 605 1145 644 fuit
1173 618 1226 644 m:
1244 606 1260 644 ?
1279 604 1288 618 '
1327 604 1336 619 ⁸
1356 605 1489 644 Immo

273 664 399 710 vero‚’
418 666 567 715 inquit,
595 662 604 676 ⁴
620 662 720 714 quid
746 675 848 713 opus
875 660 956 700 fuit
983 666 1028 700 te
1047 661 1063 699 ?
1082 660 1092 674 ’
1122 666 1196 699 aut
1216 659 1401 699 eiusdem
1426 673 1489 698 re·

274 721 437 770 sponsio
456 718 550 756 illa:
580 717 588 731 ‘
605 716 646 755 Si
665 723 713 756 tu
734 722 778 755 et
798 716 991 755 adversus
1013 721 1057 754 et
1077 728 1241 754 aversus
1259 714 1489 766 impudicus

191 779 255 813 257
276 772 347 811 es.’
416 773 556 811 Etiam
594 773 884 823 interpretatio
922 772 1097 809 nominis
1134 769 1265 808 habet
1302 781 1490 815 acumen,

275 841 369 866 cum
395 827 449 866 ad
475 826 692 865 ridiculum
717 831 947 871 convertas,
971 838 1097 877 quam
1119 825 1173 863 ob
1200 837 1290 863 rem
1314 826 1374 862 ita
1399 826 1490 876 quis

276 887 446 921 vocetur
464 894 475 927 3
524 887 572 920 ut
614 894 692 933 ego
727 893 860 931 nuper
895 880 1135 918 Nummium
1176 878 1407 924 divisorem,
1442 883 1490 917 ut

277 936 598 988 Neoptolemum
618 935 671 974 ad
690 935 868 980 Troiam,
883 937 940 973 sic
958 934 1074 972 illum
1093 936 1136 972 in
1156 932 1313 985 Campo
1335 932 1490 971 Martio

276 1005 428 1030 nomen
465 993 682 1029 invenisse.
746 990 889 1042 Atque
927 988 1031 1027 haec
1063 990 1201 1027 omnia
1233 987 1358 1026 verbo
1395 1000 1491 1026 con-

274 1049 474 1085 tinentur.

330 1100 477 1139 LXIV.
507 1099 639 1151 Saepe
659 1101 787 1138 etiam
805 1111 944 1137 versus
962 1097 1099 1136 facete
1117 1099 1406 1148 interponitur,
1423 1095 1490 1135 vel

276 1160 324 1193 ut
361 1160 439 1201 est,
475 1154 540 1193 vel
574 1153 787 1205 paululum
822 1155 1081 1198 immutatus,
1117 1157 1191 1190 aut
1226 1151 1362 1203 aliqua
1395 1163 1490 1202 pars

276 1223 430 1255 versus,
449 1214 498 1248 ut
521 1208 678 1247 Statius
701 1207 852 1246 Scauro
875 1206 1151 1246 stomachanti
1169 1220 1178 1244 ε
1213 1219 1266 1244 ex
1289 1219 1371 1258 quo
1394 1210 1491 1244 sunt

277 1263 474 1310 nonnulli,
497 1265 567 1315 qui
589 1268 706 1302 tuam
726 1262 864 1315 legem
886 1261 939 1300 de
960 1264 1129 1300 civitate
1151 1266 1308 1306 natam,
1330 1259 1490 1306 Crasse,

280 1319 421 1357 dicant
440 1331 449 1357 :

281 1396 337 1436 St,
355 1399 482 1436 tacete,
525 1395 589 1430 uid
607 1396 676 1430 hoc
692 1395 860 1429 clamoris
875 1397 890 1428 Ρ
915 1394 1048 1438 quibus
1066 1404 1133 1428 nec
1153 1396 1280 1433 mater,
1297 1403 1362 1428 nec
1376 1396 1490 1437 pater.

279 1440 396 1474 Tanta
411 1440 505 1474 confi
531 1441 628 1474 entia
640 1442 656 1474 Ρ
679 1440 817 1473 auferte
833 1440 940 1472 istam
957 1439 1054 1472 enim
1071 1437 1290 1481 superbiam.

279 1517 387 1556 Nam
406 1520 448 1556 in
468 1516 607 1556 Caelio
627 1529 726 1555 sane
747 1519 875 1555 etiam
895 1515 949 1554 ad
967 1528 1132 1554 causam
1151 1514 1254 1553 utile
1272 1512 1353 1552 fuit
1371 1519 1490 1552 tuum

281 1572 394 1619 illud,
426 1573 597 1618 Antoni,
627 1585 722 1610 cum
757 1571 826 1610 ille
864 1583 890 1608 a
926 1583 970 1608 se
1008 1572 1225 1621 pecuniam
1261 1567 1490 1620 profectam

329 1680 344 1695 ⁰
370 1674 516 1708 Fulvius
534 1674 710 1713 Nobilior,
723 1673 847 1707 consul
865 1675 902 1706 in
923 1676 985 1707 189
1006 1683 1071 1706 mc.
1113 1672 1203 1706 Cato
1220 1682 1293 1705 was
1309 1670 1489 1715 evidently

281 1719 496 1762 attributing
512 1721 551 1752 to
567 1718 643 1752 him
660 1729 683 1751 a
699 1718 834 1751 certain
852 1715 1025 1750 instabilit
1066 1717 1108 1749 of
1121 1716 1315 1750 character.

332 1763 345 1783 ¹³
371 1762 540 1806 Pyrrhus,
556 1773 621 1796 son
636 1762 678 1796 of
689 1761 859 1800 Achilles,
874 1762 1008 1794 receive
1047 1759 1109 1793 the
1124 1770 1230 1794 name
1244 1759 1286 1793 of
1298 1758 1376 1793 Neo
1402 1757 1489 1792 tole-

283 1817 375 1846 mus,
399 1817 439 1840 as
456 1806 567 1849 being
587 1805 597 1820 ⁴
609 1817 632 1839 a
655 1815 868 1839 new-comer
889 1808 927 1838 to
948 1804 1009 1837 the
1030 1803 1192 1847 (Trojan)
1215 1802 1313 1837 war.’
1411 1813 1490 1836 ωει-

283 1849 493 1893 faeetiously
520 1849 658 1884 derives
684 1849 746 1882 the
774 1859 880 1882 name
915 1847 1150 1881 ‘Nummius’
1180 1847 1275 1880 from
1302 1845 1363 1880 the
1391 1847 1490 1880 coins

283 1894 449 1937 (nummi)
472 1893 588 1927 which
611 1894 655 1926 its
676 1892 802 1926 bearer
823 1891 895 1925 had
917 1890 1143 1931 distributed,
1166 1891 1203 1924 in
1224 1890 1286 1924 the
1306 1900 1431 1924 course
1451 1890 1495 1923 of

282 1938 337 1971 his
352 1937 468 1971 duties
483 1948 523 1971 as
537 1937 684 1978 bribery
698 1939 808 1979 agent
822 1939 860 1969 at
874 1935 1052 1969 electioris.

332 1986 344 2001 ⁶
369 1981 511 2024 During
547 1981 608 2014 the
645 1979 852 2023 consulship
888 1980 931 2013 of
963 1978 1112 2012 Crassus
1149 1977 1222 2011 and
1259 1976 1305 2019 Q.
1346 1976 1490 2011 Mucius

281 2025 453 2059 Scaevola
479 2026 516 2059 in
543 2027 588 2059 95
616 2035 682 2059 mc.
704 2024 765 2058 the
790 2023 863 2057 Lex
888 2022 1031 2057 Licinia
1060 2021 1185 2056 Mucia
1210 2021 1254 2056 do
1279 2020 1491 2064 “diffundis

282 2091 358 2132 390
