1560 2294
725 112 930 152 CICERO

224 222 350 269 atque
370 217 586 270 largitione
605 219 822 270 seiungere
841 230 851 264 ς
885 218 937 256 de
957 220 1121 264 sicariis,
1140 218 1192 257 de
1212 218 1432 265 veneficiis,

224 277 276 315 de
295 277 490 328 peculatu
509 277 675 316 infitiari
695 291 862 316 necesse
884 283 960 316 est.
1006 277 1055 316 Id
1076 283 1139 317 est
1158 280 1285 331 igitur
1302 290 1434 331 genus

223 339 400 388 primum
428 351 642 376 causarum
670 340 713 376 in
741 338 897 376 iudiciis
928 351 980 376 ex
1005 341 1280 377 controversia
1303 337 1433 384 facti;

222 399 265 435 in
302 397 665 436 deliberationibus
703 397 946 449 plerumque
986 411 1038 436 ex
1075 397 1218 444 futuri,
1251 411 1343 437 raro
1381 411 1433 436 ex

143 466 205 499 106
223 460 413 496 instantis
438 463 510 496 aut
537 460 630 495 acti.
687 456 819 509 Saepe
848 460 974 496 etiam
1003 471 1068 496 res
1097 471 1180 496 non
1208 460 1262 497 sit
1289 471 1435 504 necne,

223 517 297 556 sed
326 517 455 569 qualis
485 519 538 555 sit
567 520 779 569 quaeritur
799 530 809 563 ;
842 523 890 556 ut
914 530 1008 556 cum
1029 517 1075 556 L.
1098 517 1251 569 Opimii
1271 531 1436 556 causam

223 576 477 615 defendebat
511 577 620 628 apud
654 577 865 629 populum,
891 577 1087 616 audiente
1116 591 1198 624 me,
1227 577 1273 616 C.
1303 577 1436 616 Carbo

224 636 377 682 consul,
397 636 497 674 nihil
517 637 570 675 de
594 636 639 675 C.
662 637 835 675 Gracchi
855 650 956 676 nece
977 637 1174 689 negabat,
1194 637 1269 676 sed
1287 637 1330 676 id
1349 639 1436 676 iure

224 710 297 748 pro
327 696 460 735 salute
489 698 649 748 patriae
678 695 836 735 factum
866 710 955 735 esse
986 697 1180 743 dicebat3
1223 703 1271 736 ut
1301 697 1437 736 eidem

226 756 402 795 Carboni
435 757 600 795 tribuno
631 756 762 808 plebis
792 757 872 795 alia
899 762 990 795 tum
1018 762 1160 796 mente
1188 770 1278 796 rem
1305 757 1438 809 publi-

226 830 316 855 cam
345 819 576 868 capessenti
605 816 650 855 P.
679 816 895 855 Africanus
925 817 978 855 de
1006 817 1067 855 Ti.
1099 816 1283 856 Graccho
1311 820 1438 856 inter-

225 879 388 929 roganti
407 876 678 928 responderat
696 879 784 915 iure
805 890 970 915 caesum
990 876 1131 916 videri.
1181 877 1275 916 Iure
1296 882 1437 916 autem

226 939 363 975 omnia
394 935 688 983 defenduntur,
715 950 822 988 quae
849 942 946 975 sunt
974 939 1059 975 eius
1087 939 1263 989 generis,
1290 942 1338 975 ut
1365 942 1438 976 aut

226 999 455 1048 oportuerit
479 1002 552 1035 aut
574 996 735 1035 licuerit
759 1002 831 1035 aut
854 1010 1022 1035 necesse
1045 995 1172 1035 fuerit
1195 1003 1268 1036 aut
1287 999 1438 1049 impru-

146 1070 208 1104 107
227 1057 369 1095 dentia
406 1062 478 1095 aut
515 1070 611 1095 casu
647 1055 759 1095 facta
796 1070 885 1095 esse
922 1057 1152 1096 videantur.
1213 1056 1302 1096 Iam
1339 1057 1439 1110 quid

229 1122 409 1162 vocetur,
452 1119 677 1168 quaeritur,
710 1130 814 1155 'cum
856 1130 938 1169 quo
980 1117 1105 1156 verbo
1152 1116 1253 1169 quid
1299 1116 1438 1169 appel-

227 1177 396 1215 landum
434 1179 501 1222 sit,
540 1176 831 1222 contenditur3
879 1182 927 1215 ut
967 1175 1068 1215 mihi
1109 1178 1186 1228 ipsi
1227 1190 1321 1215 cum
1361 1176 1439 1216 hoc

228 1236 404 1288 Sulpicio
442 1235 522 1275 fuit
559 1238 602 1274 in
639 1236 821 1275 Norbani
859 1249 982 1275 causa
1015 1250 1174 1275 summa
1212 1239 1436 1276 contentio.

229 1296 430 1348 Pleraque
465 1298 574 1334 enim
608 1296 660 1335 de
693 1298 766 1342 eis,
800 1309 907 1348 quae
942 1296 995 1335 ab
1028 1299 1108 1335 isto
1141 1296 1438 1343 obiciebantur,

227 1369 321 1395 cum
347 1355 578 1402 confiterer,
603 1361 744 1394 tamen
772 1356 824 1394 ab
850 1355 918 1395 illo
946 1358 1211 1395 maiestatem
1235 1359 1438 1395 minutam

228 1416 447 1468 negabam,
464 1429 516 1455 ex
536 1429 618 1468 quo
638 1417 763 1454 verbo
782 1416 875 1468 lege
892 1415 1098 1468 Appuleia
1116 1420 1208 1454 tota
1227 1415 1297 1455 illa
1316 1429 1439 1455 causa

148 1493 211 1527 108
229 1476 452 1527 pendebat.
511 1476 652 1528 Atque
673 1478 715 1514 in
734 1475 811 1515 hoc
831 1489 984 1528 genere
1004 1489 1218 1515 causarum
1237 1489 1320 1515 non
1339 1475 1436 1514 nulli

229 1538 486 1587 praecipiunt
524 1541 572 1574 ut
610 1536 780 1574 verbum
818 1535 932 1582 illud,
970 1535 1081 1588 quod
1123 1549 1287 1574 causam
1324 1534 1438 1582 facit,

230 1596 410 1634 breviter
444 1601 619 1647 uterque
654 1595 839 1642 definiat,
871 1595 982 1648 quod
1014 1594 1113 1634 mihi
1147 1595 1315 1648 quidem
1347 1608 1439 1647 per-

230 1669 354 1707 quam
374 1655 530 1707 puerile
555 1655 682 1694 videri
703 1655 819 1694 solet.
878 1655 971 1694 Alia
991 1661 1055 1694 est
1075 1658 1199 1702 enim,
1218 1668 1311 1694 cum
1331 1657 1439 1694 inter

230 1715 371 1754 doctos
405 1715 590 1754 homines
625 1715 677 1754 de
711 1718 770 1754 eis
799 1718 895 1767 ipsis
928 1715 1050 1754 rebus
1085 1729 1191 1767 quae
1225 1720 1439 1754 versantur

228 1777 271 1814 in
304 1776 459 1814 artibus
498 1775 746 1827 disputatur,
780 1775 995 1814 verborum
1029 1775 1228 1822 definitio,
1265 1780 1313 1814 ut
1345 1788 1437 1814 cum

274 1927 380 2005 ἶῗῐῗθ
392 1929 568 2010 ῗθέωιιῖἒ,
600 1981 647 2014 ap
673 1972 815 2014 ointing
845 1981 867 2003 a
897 1971 1126 2003 commission
1159 1973 1196 2004 to
1227 1970 1437 2014 investigate

229 2018 390 2048 treasons
411 2014 621 2048 committed
665 2015 771 2058 uring
789 2014 850 2048 the
867 2013 1053 2048 Cimbrian
1069 2024 1154 2053 war,
1175 2016 1350 2049 113—-101
1371 2023 1434 2050 mc-

229 2079 306 2114 276
