1560 2294
182 414 225 446 63

181 1085 224 1116 66

183 1524 225 1556 67

753 69 957 110 CICERO

247 188 532 229 quaecumque
563 188 628 213 res
659 174 863 220 inciderit,
895 187 1002 226 quae
1034 177 1088 213 sit
1118 174 1298 214 dictione
1329 176 1458 228 expli-

246 250 391 296 canda,
420 248 660 301 prudenter,
692 253 736 286 et
765 251 1005 299 composite,
1036 254 1080 286 et
1109 254 1268 295 ornate,
1299 254 1344 288 et
1370 263 1457 289 me-

245 326 414 362 moriter
435 323 559 368 dicat,
581 336 674 360 cum
696 321 876 373 quadam
898 324 1024 360 etiam
1046 324 1216 361 actionis
1236 322 1454 375 dignitate.

245 397 315 435 Sin
341 399 518 448 cuipiam
544 398 663 433 nimis
690 395 896 433 infinitum
919 395 1082 434 videtur
1104 395 1216 448 quod
1239 398 1300 435 ita
1324 400 1455 448 posui,

245 471 254 485 ‘
270 483 530 523 quacumque
557 469 610 508 de
635 468 708 515 re,'
733 468 832 507 licet
860 467 968 515 hinc,
994 474 1196 521 quantum
1225 473 1373 522 cuique
1398 473 1455 509 vi-

245 545 424 590 debitur,
440 543 705 582 circumcidat
726 548 852 595 atque
874 548 1064 594 amputet
1080 556 1089 581 :
1117 548 1260 582 tamen
1279 544 1379 583 illud
1393 549 1455 583 te-

245 619 367 664 nebo,
387 620 434 663 si,
455 630 562 669 quae
582 619 730 655 ceteris
749 619 792 654 in
812 617 968 655 artibus
989 622 1062 655 aut
1082 617 1227 656 studiis
1246 620 1326 656 sita
1345 624 1455 665 sunt,

246 698 383 730 orator
415 694 592 744 ignoret,
619 696 867 742 tantumque
897 703 947 728 ea
980 695 1139 736 teneat,
1166 704 1273 743 quae
1299 694 1381 731 sint
1413 694 1456 730 in

246 765 626 817 disceptationibus,
647 770 773 816 atque
794 767 837 802 in
856 777 933 802 usu
952 763 1129 810 forensi3
1157 770 1300 804 tamen
1319 764 1382 804 his
1402 765 1455 805 de

244 840 367 878 rebus
387 841 483 890 ipsis
502 841 535 877 si
555 841 608 877 sit
628 840 666 876 ei
685 838 919 884 dicendum,
938 851 1032 876 cum
1055 841 1292 890 cognoverit
1311 840 1363 877 ab
1382 842 1455 886 eis,

244 916 314 965 qui
338 918 500 958 tenent,
524 925 631 964 quae
655 914 738 950 sint
760 914 802 950 in
826 925 990 964 quaque
1013 925 1073 958 re,
1095 912 1226 951 multo
1249 918 1454 952 oratorem

243 987 403 1032 melius,
419 1000 543 1038 quam
559 989 666 1037 ipsos
689 985 791 1031 illos,
812 999 985 1037 quorum
1009 998 1083 1024 eae
1106 991 1203 1024 sunt
1225 992 1349 1033 artes,
1365 1000 1454 1026 esse

244 1061 461 1099 dicturum.
519 1060 585 1098 Ita
607 1062 640 1098 si
668 1059 720 1098 de
746 1072 791 1098 re
817 1059 984 1097 militari
1010 1059 1229 1098 dicendum
1255 1059 1349 1099 huic
1376 1063 1454 1100 erit

244 1135 434 1186 Sulpicio,
461 1139 635 1186 quaeret
664 1147 689 1171 a
717 1133 762 1171 C.
796 1133 929 1171 Mario
959 1133 1068 1171 affini
1097 1139 1250 1180 nostro,
1275 1139 1332 1180 et,
1360 1148 1453 1173 cum

244 1210 463 1259 acceperit,
486 1210 547 1245 ita
574 1207 872 1258 pronuntiabit,
899 1212 947 1245 ut
974 1209 1051 1258 ipsi
1079 1207 1125 1246 C.
1158 1207 1293 1246 Mario
1320 1221 1454 1259 paene

244 1282 309 1320 hic
325 1281 484 1327 melius,
503 1294 627 1332 quam
643 1283 745 1332 ipse,
762 1280 831 1318 illa
850 1283 952 1319 scire
970 1280 1158 1319 videatur
1176 1293 1186 1327 3
1218 1283 1280 1319 sin
1297 1281 1349 1320 de
1365 1284 1453 1321 iure

245 1355 364 1401 civili,
401 1360 541 1394 tecum
579 1354 910 1400 communicabit,
948 1359 1076 1406 teque
1113 1353 1322 1393 hominem
1359 1369 1453 1407 pru-

246 1430 531 1468 dentissimum
555 1434 599 1467 et
621 1430 914 1480 peritissimum
933 1430 976 1466 in
999 1430 1057 1466 eis
1077 1431 1173 1479 ipsis
1196 1429 1333 1475 rebus,
1353 1443 1454 1481 quas

246 1504 317 1542 abs
348 1509 392 1541 te
423 1503 626 1548 didicerit,
656 1502 818 1540 dicendi
849 1507 938 1540 arte
969 1502 1192 1553 superabit.
1248 1501 1318 1540 Sin
1347 1516 1454 1555 quae

246 1591 309 1616 res
337 1577 540 1623 inciderit,
566 1578 610 1614 in
637 1590 719 1628 qua
745 1575 798 1614 de
826 1581 988 1621 natura,
1015 1575 1068 1614 de
1096 1578 1203 1614 vitiis
1229 1575 1454 1623 hominum,

245 1651 297 1689 de
317 1651 626 1702 cupiditatibus,
645 1650 697 1688 de
716 1649 853 1695 modo,
872 1649 924 1688 de
944 1652 1212 1695 continentia,
1231 1649 1283 1688 de
1302 1650 1455 1697 dolore,

245 1725 297 1763 de
316 1730 449 1762 morte
469 1723 689 1762 dicendum
709 1726 761 1761 sit
781 1736 790 1769 ;
823 1722 1008 1769 forsitan,
1028 1725 1061 1761 si
1081 1726 1119 1761 ei
1138 1726 1192 1762 sit
1210 1726 1340 1762 visum
1360 1723 1454 1776 (etsi

245 1798 347 1836 haec
366 1798 533 1850 quidem
551 1811 670 1836 nosse
689 1798 816 1836 debet
835 1798 1002 1849 orator),
1020 1811 1113 1835 cum
1132 1796 1225 1836 Sex.
1246 1797 1454 1849 Pompeio,

247 1871 407 1911 erudito
436 1871 601 1910 homine
630 1874 673 1909 in
701 1870 969 1922 philosophia,
999 1873 1335 1917 communicarit3
1378 1871 1455 1911 hoc

246 1944 430 1997 profecto
469 1945 631 1991 efficiet,
668 1950 729 1991 ut,
767 1958 1068 1997 quamcumque
1106 1957 1193 1983 rem
1230 1958 1254 1983 a
1291 1958 1455 1998 quoque

246 2034 294 2069 48
