1560 2294
758 107 963 148 CICERO

256 215 395 250 utrum
412 210 622 251 honestati
644 214 782 264 potius
806 226 859 251 an
877 213 1050 253 utilitati
1072 215 1369 256 consulendum
1386 219 1440 257 sit
1457 229 1469 264 3

255 292 363 330 quae
384 282 481 331 quia
499 293 685 332 pugnare
706 282 815 319 inter
835 294 879 320 se
899 294 1025 334 saepe
1045 282 1251 330 videntur,
1271 287 1342 336 qui
1361 284 1469 324 utili-

255 351 391 385 tatem
419 346 620 387 defendet
649 349 910 388 enumerabit
937 350 1152 390 commoda
1177 355 1304 403 pacis,
1330 366 1469 405 opum,

255 418 485 467 potentiae,
513 416 791 468 vectigalium,
817 418 995 468 praesidi
1021 419 1214 466 militum,
1239 426 1470 460 ceterarum

256 497 394 521 rerum
420 497 594 535 quarum
627 483 808 523 fructum
834 485 1016 524 utilitate
1050 489 1259 534 metimur,
1284 490 1470 542 itemque

255 552 515 590 incommoda
548 555 874 592 contrariorum:
923 556 993 606 qui
1028 554 1081 593 ad
1115 555 1364 608 dignitatem
1396 560 1470 596 im-

256 620 399 672 pellet,
423 623 624 659 maiorum
651 621 843 673 exempla
871 635 978 674 quae
1008 629 1127 662 erant
1155 624 1221 662 vel
1249 638 1343 664 cum
1365 628 1471 678 peri-

257 688 348 727 culo
381 688 557 741 gloriosa
584 689 764 742 colliget,
791 693 1047 741 posteritatis
1084 692 1360 732 immortalem
1386 707 1472 733 me-

257 759 430 796 moriam
453 758 638 809 augebit,
660 758 887 796 utilitatem
909 772 961 797 ex
987 759 1110 798 laude
1136 763 1247 799 nasci
1272 760 1473 802 defendet

173 833 241 867 336
259 839 505 878 semperque
522 839 615 864 eam
631 839 725 864 cum
741 826 947 878 dignitate
966 840 1054 866 esse
1072 831 1345 868 coniunctam.
1390 829 1472 870 Sed

259 894 359 947 quid
390 894 478 932 fieri
508 896 637 946 possit
669 900 743 932 aut
772 908 856 933 non
885 898 1016 946 possit
1046 896 1229 948 quidque
1261 901 1388 938 etiam
1418 901 1473 939 sit

259 976 427 1002 necesse
449 968 523 1001 aut
547 976 630 1001 non
651 965 705 1001 sit
729 965 772 1000 in
793 969 970 1015 utraque
991 977 1035 1002 re
1056 967 1236 1004 maxime
1258 972 1323 1005 est
1347 981 1473 1019 quae-

258 1031 461 1077 rendum3
512 1030 706 1069 inciditur
737 1034 847 1070 enim
884 1034 1015 1071 omnis
1053 1035 1135 1071 iam
1166 1033 1409 1075 deliberatio
1439 1039 1472 1076 si

258 1100 515 1151 intellegitur
533 1112 616 1137 non
635 1112 755 1150 posse
782 1099 869 1138 fieri
890 1106 963 1138 aut
988 1103 1021 1139 si
1047 1104 1270 1140 necessitas
1291 1102 1472 1152 affertur,

260 1174 305 1207 et
337 1171 407 1220 qui
435 1167 479 1206 id
516 1167 656 1206 docuit
684 1181 767 1205 non
796 1168 1030 1206 videntibus
1060 1169 1162 1215 aliis,
1190 1172 1224 1208 is
1251 1170 1472 1222 plurimum

173 1242 239 1275 337
260 1237 373 1275 vidit.
448 1235 516 1274 Ad
547 1235 759 1273 consilium
789 1241 931 1274 autem
964 1236 1017 1275 de
1049 1237 1260 1288 republica
1288 1239 1471 1279 dandum

257 1310 384 1356 caput
421 1309 486 1342 est
526 1316 646 1342 nosse
684 1303 996 1355 rempublicam,
1026 1304 1080 1343 ad
1117 1305 1337 1345 dicendum
1375 1321 1472 1348 vero

256 1372 525 1426 probabiliter
554 1385 673 1410 nosse
710 1385 844 1410 mores
874 1374 1066 1419 civitatis,
1096 1376 1167 1425 qui
1204 1377 1301 1426 quia
1329 1376 1472 1416 erebro

257 1446 486 1486 mutantur,
510 1453 641 1493 genus
666 1453 830 1492 quoque
854 1443 1048 1479 orationis
1074 1447 1138 1480 est
1161 1455 1286 1494 saepe
1309 1449 1472 1483 mutan-

258 1511 383 1556 dum;
430 1515 474 1547 et
505 1522 756 1561 quamquam
786 1522 868 1546 una
896 1507 984 1547 fere
1014 1511 1072 1547 vis
1102 1515 1166 1548 est
1195 1510 1471 1563 eloquentiae,

259 1585 403 1618 tamen
432 1580 529 1630 quia
558 1590 718 1615 summa
748 1577 927 1628 dignitas
959 1583 1023 1616 est
1051 1578 1206 1629 populi,
1235 1582 1473 1631 gravissima

258 1661 382 1687 causa
400 1648 460 1684 rei
479 1645 682 1697 publicae,
698 1647 866 1683 maximi
886 1651 1023 1684 motus
1038 1646 1327 1694 multitudinis,
1341 1661 1471 1700 genus

258 1727 423 1767 quoque
449 1713 611 1752 dicendi
637 1713 832 1765 grandius
858 1713 1066 1764 quoddam
1093 1719 1137 1752 et
1161 1714 1355 1754 illustrius
1381 1729 1471 1756 esse

259 1782 539 1821 adhibendum
560 1781 723 1819 videtur
742 1794 753 1827 ;
787 1783 1050 1833 maximaque
1071 1795 1164 1833 pars
1185 1785 1379 1822 orationis
1400 1783 1471 1823 ad-

258 1850 462 1890 movenda
482 1854 547 1888 est
570 1849 623 1887 ad
646 1851 874 1887 animorum
898 1855 1034 1888 motus
1053 1863 1135 1888 non
1155 1863 1379 1902 numquam
1397 1857 1470 1890 aut

611 2021 628 2037 ¹²
652 2017 832 2058 Aristotle,
850 2018 951 2052 Rhea.
972 2018 1001 2052 1.
1020 2020 1064 2053 iv.
1083 2021 1116 2054 2.

258 2077 336 2112 452
