1560 2294
800 115 1004 155 CICERO

297 224 422 261 cienti
441 221 616 260 lustrum
635 220 736 259 illud
751 218 909 266 infelix,
929 218 938 232 ⁴
955 219 1075 265 Noli:
1095 222 1244 271 inquit,
1263 218 1273 234 ‘
1287 221 1450 266 mirari;
1470 221 1504 258 is

298 278 408 315 enim
433 278 503 327 qui
527 281 571 313 te
596 288 648 313 ex
675 276 841 313 aerariis
868 277 1025 312 exemit
1049 273 1225 312 lustrum
1253 273 1436 312 condidit
1461 278 1506 313 et

297 337 463 370 taurum
481 327 736 368 immolavit!
791 327 942 381 [Tanta
961 331 1135 380 suspicio
1155 333 1220 367 est
1242 333 1291 367 ut
1308 328 1506 380 religione

297 388 509 424 civitatem
559 384 826 422 obstrinxisse
874 383 1064 421 videatur
1117 382 1344 421 Mummius
1396 381 1504 435 quod

297 439 483 479 Asellum
500 440 725 491 ignominia
743 436 920 490 levarit]

215 502 280 535 269
351 493 522 532 LXVII.
553 493 724 531 Urbana
753 494 881 530 etiam
907 490 1177 530 dissimulatio
1203 496 1282 537 est,
1307 504 1402 530 cum
1429 490 1509 529 alia

299 549 491 587 dicuntur
510 561 558 585 ac
577 549 746 592 sentias,
763 560 845 585 non
861 545 929 584 illo
949 558 1103 598 genere
1120 545 1173 584 de
1193 558 1274 598 quo
1294 550 1393 584 ante
1409 545 1510 593 dixi,

299 617 393 643 cum
422 604 627 641 contraria
657 601 782 647 dicas,
810 606 859 639 ut
892 600 1061 638 Lamiae
1098 599 1282 647 Crassus,
1310 599 1386 639 sed
1415 613 1509 639 cum

298 663 389 697 toto
417 670 571 710 genere
601 658 795 694 orationis
824 668 967 694 severe
995 654 1127 701 ludas,
1149 667 1244 693 cum
1272 653 1392 693 aliter
1419 667 1510 693 sen-

298 715 377 751 tias
401 725 448 750 ac
466 711 636 762 loquare
655 724 664 749 ε
700 715 748 749 ut
770 715 911 748 noster
936 708 1132 748 Scaevola
1150 708 1434 760 Septumuleio
1451 708 1510 747 illi

298 767 532 819 Anagnino,
568 767 633 803 cui
667 778 742 816 pro
777 763 822 802 C.
860 763 1033 803 Gracchi
1068 766 1205 815 capite
1241 769 1332 802 erat
1365 776 1510 802 aurum

297 834 532 873 repensum,
545 821 709 871 roganti
723 824 772 858 ut
784 831 829 857 se
842 820 885 856 in
898 818 1041 857 Asiam
1053 816 1312 870 praefectum
1325 817 1510 864 duceret,

299 875 308 889 ‘
328 875 440 924 Quid
465 875 542 913 tibi
569 874 656 920 vis,'
676 876 825 925 inquit,
844 872 853 888 ‘
869 875 1012 911 insane
1031 873 1047 911 ?
1081 877 1202 911 tanta
1225 871 1427 911 malorum
1446 877 1511 911 est

299 929 523 969 multitudo
538 931 687 967 civium
702 933 750 966 ut
763 928 841 966 tibi
857 941 935 980 ego
947 926 1026 966 hoc
1039 927 1291 973 confirmem,
1305 929 1340 966 si
1354 926 1509 966 Romae

299 986 512 1030 manseris,
535 989 579 1022 te
602 985 742 1034 paucis
766 984 882 1021 annis
905 982 959 1021 ad
980 984 1181 1020 maximas
1203 983 1397 1033 pecunias
1420 994 1508 1020 esse

218 1046 284 1080 270
303 1037 548 1078 venturum.’
605 1037 655 1075 In
670 1037 748 1076 hoc
762 1050 916 1089 genere
932 1036 1111 1075 Fannius
1128 1038 1171 1074 in
1186 1035 1414 1074 Annalibus
1428 1037 1509 1075 suis

300 1093 540 1132 Africanum
557 1092 666 1130 hunc
683 1091 960 1130 Aemilianum
977 1091 1078 1130 dicit
1092 1089 1218 1129 fuisse
1236 1093 1450 1143 egregium
1466 1095 1510 1130 et

301 1149 460 1188 Graeco
490 1161 585 1185 eum
608 1147 734 1185 verbo
761 1145 945 1197 appellat
973 1145 1134 1196 el'pwva:
1171 1145 1259 1191 sed,
1281 1147 1344 1184 uti
1370 1143 1510 1184 ferunt

300 1205 371 1255 qui
386 1201 532 1240 melius
547 1201 651 1239 haec
666 1206 832 1246 norunt,
848 1199 1060 1239 Socratem
1075 1202 1219 1251 opinor
1233 1202 1276 1238 in
1291 1199 1368 1238 hac
1383 1201 1512 1238 ironia

300 1255 682 1307 dissimulantiaque
696 1255 819 1307 longe
834 1254 974 1306 lepore
990 1260 1035 1293 et
1048 1253 1308 1293 humanitate
1323 1254 1511 1293 omnibus

300 1313 568 1364 praestitisse.
625 1309 766 1348 Genus
787 1314 852 1348 est
870 1308 1113 1361 perelegans
1133 1314 1178 1347 et
1196 1321 1291 1347 cum
1305 1311 1510 1361 gravitate

301 1365 467 1411 salsum,
496 1377 673 1416 cumque
711 1366 898 1403 oratoriis
935 1363 1182 1402 dictionibus
1218 1368 1309 1402 tum
1346 1363 1511 1402 urbanis
1556 1401 1560 1405 .

219 1429 282 1463 271
303 1420 557 1459 sermonibus
579 1418 946 1457 accommodatum.
1001 1418 1058 1456 Et
1071 1417 1239 1456 hercule
1254 1419 1392 1456 omnia
1409 1416 1512 1456 haec

304 1488 411 1528 quae
431 1488 456 1513 a
473 1487 540 1512 me
560 1474 612 1512 de
631 1472 792 1512 facetiis
811 1472 1075 1524 disputantur
1095 1485 1178 1511 non
1202 1474 1357 1511 maiora
1378 1470 1512 1511 foren-

304 1533 409 1569 sium
429 1531 638 1568 actionum
658 1541 782 1580 quam
802 1530 985 1566 omnium
1001 1540 1235 1566 sermonum
1250 1526 1513 1566 condimenta

351 1686 368 1703 ⁸
390 1682 597 1722 Africanus,
615 1692 655 1715 as
673 1691 811 1721 censor,
829 1682 866 1715 in
884 1681 1007 1715 recitin
1050 1680 1112 1714 the
1129 1679 1349 1723 valedictory
1365 1689 1511 1723 prayers

303 1730 341 1761 at
355 1726 417 1761 the
431 1737 569 1766 censuS‚
586 1725 658 1759 had
673 1724 785 1759 taken
800 1735 823 1758 a
837 1726 971 1759 serious
986 1724 1010 1758 li
1037 1727 1090 1758 ert
1130 1724 1215 1757 with
1230 1724 1291 1758 the
1306 1722 1413 1758 ritual
1425 1726 1509 1758 text.

354 1769 368 1790 ¹²
391 1771 596 1810 Africanus,
616 1780 656 1803 as
675 1780 811 1808 censor,
832 1768 903 1802 had
923 1767 1059 1811 degrad
1126 1767 1267 1802 Asellus
1286 1770 1323 1801 to
1341 1767 1403 1801 the
1420 1766 1511 1801 class

304 1815 345 1848 of
355 1813 505 1849 voteloes
515 1817 719 1857 taxpayers,
731 1813 799 1846 but
810 1812 865 1846 his
877 1811 1060 1855 colleague
1075 1811 1275 1845 Mummius
1286 1810 1359 1844 had
1371 1809 1510 1845 refused

305 1858 359 1892 his
388 1868 575 1900 necessary
604 1867 853 1896 concurrence,
883 1855 955 1889 and
986 1855 1056 1888 had
1086 1855 1238 1898 thereby
1265 1853 1421 1888 restored
1449 1854 1511 1888 the

303 1906 417 1980 ssatus
432 1913 500 1954 quo
515 1900 733 1978 (ἷῐᾶὶεεέὲιιεὶ
768 1900 960 1977 Αἰτὶοῧιῐιιιε
976 1902 1141 1976 suggestts
1157 1899 1236 1932 that
1254 1898 1325 1932 this
1339 1899 1458 1932 action
1473 1898 1516 1931 of

350 1957 412 1979 um
452 1957 488 1978 ιιι
537 1956 556 1978 e
603 1956 625 1978 a
681 1955 717 1977 m
749 1955 771 1977 u
800 1954 847 1977 on
905 1955 924 1977 e
939 1953 1122 1976 commum
1165 1967 1174 1976 .

354 1993 367 2009 ⁶
389 1957 465 2023 Trlrile
479 1956 674 2022 gracketed
689 1955 843 2031 passgge
857 1989 886 2021 is
900 1986 1107 2030 commonly
1122 1953 1296 2030 rggarded
1311 1995 1351 2019 as
1365 1995 1389 2019 a
1401 1983 1508 2029 gloss.

351 2032 366 2052 ‘¹
390 2032 458 2068 See
476 2032 579 2066 Book
598 2032 648 2071 11,
666 2031 748 2071 lxv..
764 2041 885 2075 cupra.

304 2090 379 2124 402
