1560 2294
771 130 975 170 CICERO

271 231 494 278 declarari3
548 230 557 245 ‘
573 230 679 279 Quid
728 228 860 281 ergo?
879 227 889 242 ’
945 229 1080 281 inquit
1128 225 1328 274 Scaurus3
1383 225 1481 265 ‘Ae-

267 303 400 341 milius
418 301 533 348 fecit,
552 301 748 353 plectitur
766 298 972 338 Rutilius!

186 373 249 406 281
323 373 450 412 LXX.
480 372 683 412 Ridentur
716 373 844 409 etiam
877 370 1163 421 discrepantia.
1219 367 1229 383 ‘
1248 367 1359 417 Quid
1383 366 1479 407 huie

272 445 391 483 abest
411 446 488 483 nisi
507 457 573 482 res
593 448 638 482 et
657 445 785 481 virtus
804 442 819 480 ?
839 440 848 455 ’
902 440 1017 479 Bella
1038 442 1166 479 etiam
1186 444 1250 479 est
1268 437 1479 478 familiaris

272 514 535 567 reprehensio
583 516 700 566 quasi
748 514 921 552 errantis
941 525 951 559 3
1010 517 1058 550 ut
1107 524 1202 550 cum
1247 510 1480 562 obiurgavit

274 587 443 625 Albium
470 586 645 624 Granius
672 584 797 636 quod,
817 597 911 622 cum
935 585 1021 621 eius
1041 581 1192 621 tabulis
1213 580 1410 633 quiddam
1429 580 1482 619 ab

275 658 448 697 Albucio
468 657 690 708 probatum
709 655 932 700 videretur,
951 659 995 692 et
1013 652 1132 692 valde
1154 651 1342 691 absoluto
1363 650 1482 690 Scae-

274 729 365 768 vola
383 728 587 781 gauderet
605 739 742 778 neque
761 725 1026 777 intellegeret
1045 729 1188 763 contra
1207 735 1300 762 suas
1319 721 1482 761 tabulas

188 808 255 841 282
275 813 363 839 esse
383 799 622 838 iudicatum.
672 797 779 835 Huic
799 795 939 834 similis
960 800 1024 834 est
1044 797 1172 834 etiam
1196 794 1421 833 admonitio
1439 795 1482 831 in

273 871 438 910 consilio
481 869 617 908 dando
656 867 880 913 familiaris,
922 872 984 913 ut,
1022 879 1117 905 cum
1158 871 1333 917 patrono
1374 863 1482 902 malo

273 956 367 982 cum
389 954 532 980 vocem
550 942 594 978 in
619 938 793 978 dicendo
819 938 1052 977 obtudisset
1077 936 1281 975 suadebat
1307 935 1483 974 Granius

273 1019 321 1052 ut
351 1012 529 1051 mulsum
558 1009 755 1063 frigidum
791 1009 956 1048 biberet
993 1007 1114 1046 simul
1145 1021 1192 1046 ac
1223 1007 1391 1046 domum
1420 1018 1484 1044 re-

275 1085 417 1130 disset,
454 1082 463 1097 ‘
483 1081 689 1127 Perdam,’
731 1082 881 1132 inquit,
920 1079 929 1094 ‘
944 1092 1101 1125 vocem,
1138 1081 1172 1117 si
1214 1077 1258 1116 id
1296 1076 1433 1116 fecero
1447 1075 1485 1124 '3

188 1159 255 1192 283
274 1155 282 1169 ⁴
305 1154 456 1193 Melius
487 1151 578 1199 est,'
607 1154 756 1203 inquit,
787 1150 796 1165 ⁴
815 1163 940 1203 quam
967 1148 1113 1188 reum.'
1166 1148 1327 1187 Bellum
1356 1150 1484 1187 etiam

274 1232 339 1265 est
363 1239 458 1264 cum
483 1223 583 1276 quid
611 1225 759 1274 cuique
786 1224 840 1260 sit
869 1226 1194 1260 consentaneum
1211 1219 1390 1266 dicitur3
1421 1223 1483 1264 ut,

273 1311 367 1336 cum
384 1295 557 1335 Scaurus
575 1293 813 1332 nonnullam
830 1291 1005 1330 haberet
1023 1290 1219 1330 invidiam
1235 1303 1287 1329 ex
1309 1303 1359 1329 eo
1373 1288 1484 1342 quod

274 1368 516 1420 Phrygionis
558 1364 729 1416 Pompei
767 1362 982 1415 locupletis
1027 1361 1202 1401 hominis
1247 1361 1357 1400 bona
1396 1362 1484 1399 sine

274 1442 529 1478 testamento
566 1435 822 1488 possederat,
860 1434 1109 1485 sederetque
1148 1432 1370 1471 advocatus
1413 1443 1485 1470 reo

275 1510 456 1555 Bestiae,
489 1521 583 1547 cum
608 1505 732 1545 funus
765 1505 974 1558 quoddam
1007 1504 1241 1550 duceretur,
1274 1507 1486 1542 accusator

276 1581 321 1620 C.
371 1579 621 1619 Memmius:
669 1576 678 1591 ⁴
698 1576 833 1623 Vide,'
869 1578 1020 1628 inquit,
1059 1574 1068 1589 ⁶
1087 1574 1253 1621 Scaure,
1299 1579 1485 1613 mortuus

190 1664 257 1698 284
275 1654 447 1703 rapitur,
462 1652 496 1688 si
510 1654 630 1701 potes
651 1661 740 1687 esse
759 1645 993 1699 possessor.'
1049 1645 1132 1684 Sed
1149 1658 1201 1684 ex
1217 1644 1280 1684 his
1297 1644 1486 1684 omnibus

277 1722 376 1761 nihil
393 1723 524 1773 magis
540 1719 700 1758 ridetur
717 1732 842 1771 quam
867 1717 979 1770 quod
1006 1722 1070 1756 est
1086 1721 1254 1768 praeter
1273 1719 1487 1768 exspecta-

277 1797 448 1838 tionem,
466 1794 579 1830 cuius
596 1789 911 1829 innumerabilia
936 1793 1034 1827 sunt
1060 1786 1266 1839 exempla,
1281 1786 1347 1825 vel
1362 1786 1487 1838 Appii

278 1866 440 1902 maioris
468 1862 589 1908 illius,
609 1863 679 1913 qui
708 1863 751 1899 in
780 1865 927 1899 senatu
957 1872 1050 1898 cum
1077 1863 1272 1910 ageretur
1299 1857 1352 1896 de
1379 1858 1486 1909 agris

301 2038 316 2054 ⁰
342 2030 523 2075 Probably
539 2031 600 2065 the
617 2029 851 2074 grandfather
867 2029 909 2063 of
923 2027 1077 2062 Cicero’s
1094 2037 1224 2070 enemy
1244 2026 1284 2061 P.
1304 2024 1464 2060 Clodius·

276 2099 353 2133 412
