1560 2294
753 128 958 168 CICERO

250 236 376 283 dem,'
397 238 546 288 inquit,
569 234 800 273 ‘neminem
824 235 935 272 enim
958 237 1061 284 puto
1085 244 1175 270 esse
1198 235 1287 270 tam
1315 229 1463 269 durum

165 302 232 336 279
251 300 315 336 cui
336 311 419 335 non
440 298 571 334 oratio
592 300 667 333 tua
687 293 921 332 miseranda
949 295 1035 331 visa
1063 290 1144 330 sit.’
1201 290 1274 329 Me
1296 290 1465 342 quidem

250 357 417 397 hercule
446 355 565 395 valde
588 355 658 393 illa
685 358 856 393 movent
882 351 1141 391 stomachosa
1164 356 1210 390 et
1232 352 1348 402 quasi
1371 350 1466 388 sub-

252 430 414 456 morosa
433 415 742 454 ridicula—non
767 427 861 452 cum
887 426 912 451 a
936 425 1097 451 moroso
1119 411 1340 456 dicuntur;
1374 415 1467 449 tum

254 480 365 516 enim
390 489 474 515 non
499 475 559 513 sal
584 474 659 513 sed
694 479 843 512 natura
875 472 1063 518 ridetur3
1102 473 1147 510 in
1172 484 1268 524 quo,
1293 475 1343 509 ut
1366 467 1467 508 mihi

254 537 432 583 videtur,
449 534 678 588 persalsum
695 533 796 572 illud
815 538 880 572 est
899 532 1010 584 apud
1029 531 1230 571 Novium:

671 619 681 634 ‘
695 617 794 660 Quid
810 617 942 661 ploras,
959 620 1062 660 pater
1074 619 1090 650 Ρ
1101 615 1111 631 ’

476 669 485 684 ‘
500 669 639 703 Mirum
655 669 693 702 ni
709 670 852 702 cantem
868 670 875 701 ξ
901 666 1163 700 condemnatus
1179 663 1286 699 sum.'

254 747 362 785 Huic
402 746 546 798 generi
586 745 703 795 quasi
743 743 994 780 contrarium
1035 745 1100 779 est
1138 738 1297 778 ridiculi
1337 751 1469 792 genus

253 808 451 858 patientis
481 817 528 842 ac
554 803 672 849 lenti,
695 807 757 848 ut,
776 815 870 840 cum
899 800 1003 839 Cato
1032 812 1247 852 percussus
1277 804 1387 838 esset
1416 799 1469 838 ab

256 880 305 905 eo
342 868 412 918 qui
449 877 585 902 arcam
617 861 796 908 ferebat,
832 875 926 900 cum
961 860 1030 898 ille
1066 859 1239 906 diceret,
1271 858 1281 873 ‘
1301 858 1411 898 Cave
1430 858 1439 897 ἱ
1458 857 1468 872 ’

170 937 237 970 280
254 927 415 978 rogavit
448 922 650 975 numquid
684 922 795 960 aliud
824 920 954 960 ferret
986 925 1154 972 praeter
1189 933 1338 959 arcam.
1393 918 1471 957 Est

256 989 383 1025 etiam
416 984 619 1023 stultitiae
653 982 759 1021 salsa
794 980 1074 1033 reprehensio,
1107 985 1156 1019 ut
1191 979 1260 1018 ille
1299 978 1471 1026 Siculus,

254 1049 319 1085 cui
343 1050 511 1098 praetor
534 1043 669 1095 Scipio
693 1048 915 1094 patronum
938 1053 1087 1079 causae
1112 1039 1241 1079 dabat
1263 1038 1471 1091 hospitem

254 1120 388 1152 suum,
422 1104 633 1143 hominem
668 1102 864 1148 nobilem,
899 1101 974 1140 sed
1009 1100 1232 1140 admodum
1267 1099 1471 1139 stultum:

255 1166 265 1180 ‘
284 1164 479 1214 Quaeso,'
498 1166 647 1216 inquit,
669 1163 677 1177 ‘
695 1167 876 1215 praetor,
897 1161 1129 1200 adversario
1151 1173 1246 1199 meo
1269 1159 1323 1199 da
1345 1162 1471 1198 istum

255 1232 490 1278 patronum,
511 1223 662 1263 deinde
689 1222 789 1261 mihi
813 1224 1022 1260 neminem
1049 1219 1240 1259 dederis.’
1297 1219 1472 1258 Movent

256 1286 325 1325 illa
352 1288 479 1324 etiam
505 1297 612 1336 quae
639 1286 876 1322 coniectura
902 1281 1179 1333 explanantur
1203 1279 1326 1332 longe
1351 1279 1472 1318 aliter

258 1352 386 1398 atque
425 1350 522 1384 sunt
560 1344 635 1383 sed
673 1348 795 1382 acute
835 1347 963 1394 atque
1001 1343 1229 1380 concinne:
1275 1345 1337 1386 ut,
1377 1353 1471 1379 cum

259 1406 433 1445 Scaurus
462 1409 675 1444 accusaret
704 1402 905 1441 Rutilium
934 1402 1114 1440 ambitus
1140 1414 1234 1439 cum
1262 1402 1350 1452 ipse
1378 1413 1473 1439 con-

259 1466 322 1505 sul
355 1471 466 1505 esset
498 1464 648 1511 factus,
681 1463 749 1502 ille
782 1462 990 1514 repulsam
1022 1461 1200 1506 tulisset,
1233 1465 1279 1499 et
1309 1462 1353 1499 in
1385 1463 1472 1499 eius

258 1526 410 1566 tabulis
432 1525 674 1564 ostenderet
702 1524 863 1562 litteras
885 1523 937 1562 A.
962 1523 1006 1561 F.
1031 1521 1075 1560 P.
1099 1521 1146 1560 R.
1169 1520 1294 1573 idque
1315 1520 1473 1560 diceret

261 1600 350 1626 esse
371 1586 380 1600 ‘
395 1586 546 1625 Ac'rtm
566 1597 663 1624 mm:
683 1583 728 1622 P.
750 1582 946 1630 Ru'r1L11,’
966 1581 1143 1621 Rutilius
1164 1586 1306 1619 autem
1331 1579 1341 1595 ⁴
1353 1581 1473 1620 Am

259 1658 437 1692 merum,
464 1658 561 1684 rosr
590 1642 809 1689 annuum(
839 1642 884 1681 C.
914 1642 1064 1681 Canius
1095 1653 1221 1693 eques
1251 1640 1473 1687 Romanus,

260 1721 354 1746 cum
380 1704 487 1744 Rufo
515 1705 695 1750 adesset,
720 1703 982 1743 exclamavit¹
1006 1707 1202 1740 neutrum
1224 1700 1302 1739 illis
1324 1699 1474 1739 litteris

633 1791 648 1812 ¹
671 1791 877 1825 Rackham:
905 1789 1092 1823 exclamat.

308 1908 324 1924 ⁰
351 1903 409 1937 No
426 1902 546 1945 Scipio
563 1903 592 1935 is
609 1900 743 1934 known
758 1903 797 1934 to
814 1911 856 1933 us
872 1903 909 1933 to
926 1899 1016 1933 have
1033 1898 1123 1932 been
1139 1901 1283 1941 praetor
1298 1898 1336 1931 in
1352 1895 1474 1940 Sicily.

310 1947 323 1967 ⁶
350 1945 575 1990 Apparently
613 1945 674 1979 the
711 1944 896 1988 presiding
934 1943 1143 1985 magistrate
1180 1939 1348 1985 assigned
1385 1940 1473 1974 such

260 1992 455 2025 assistance
469 1993 508 2024 to
523 2001 546 2023 a
562 1989 706 2032 litigant
721 1988 802 2022 who
818 1998 892 2022 was
907 1997 931 2020 a
945 1985 1143 2030 provincial
1158 1984 1232 2019 and
1244 1983 1474 2030 presumably

261 2037 431 2078 ignorant
444 2035 486 2069 of
501 2034 643 2069 Roman
660 2032 740 2066 law.

259 2099 337 2135 410
