<?xml version="1.0" encoding="UTF-8"?>
<!DOCTYPE html PUBLIC "-//W3C//DTD XHTML 1.0 Transitional//EN"
    "http://www.w3.org/TR/xhtml1/DTD/xhtml1-transitional.dtd">
<html xmlns="http://www.w3.org/1999/xhtml" xml:lang="en" lang="en">
 <head>
  <title>
</title>
<meta http-equiv="Content-Type" content="text/html;charset=utf-8" />
  <meta name='ocr-system' content='tesseract 3.04.00' />
  <meta name='ocr-capabilities' content='ocr_page ocr_carea ocr_par ocr_line ocrx_word'/>
</head>
<body>
  <div class='ocr_page' id='page_1' title='image "./cicerodeoratore01ciceuoft_0510.png"; bbox 0 0 1560 2294; ppageno 0'>
   <div class='ocr_carea' id='block_1_1' title="bbox 775 121 980 161">
    <p class='ocr_par' dir='ltr' id='par_1_1' title="bbox 775 121 980 161">
     <span class='ocr_line' id='line_1_1' title="bbox 775 121 980 161; baseline 0.01 -2"><span class='ocrx_word' id='word_1_1' title='bbox 775 121 980 161; x_wconf 89' lang='lat' dir='ltr'>CICERO</span> 
     </span>
    </p>
   </div>
   <div class='ocr_carea' id='block_1_2' title="bbox 189 225 1484 1533">
    <p class='ocr_par' dir='ltr' id='par_1_2' title="bbox 271 225 1481 327">
     <span class='ocr_line' id='line_1_2' title="bbox 271 225 1481 279; baseline 0.001 -14"><span class='ocrx_word' id='word_1_2' title='bbox 271 228 414 279; x_wconf 86' lang='lat' dir='ltr'><strong>attigit</strong></span> <span class='ocrx_word' id='word_1_3' title='bbox 433 239 569 278; x_wconf 90' lang='lat' dir='ltr'><strong>neque</strong></span> <span class='ocrx_word' id='word_1_4' title='bbox 593 238 686 264; x_wconf 89' lang='lat' dir='ltr'><strong>eam</strong></span> <span class='ocrx_word' id='word_1_5' title='bbox 704 225 871 264; x_wconf 87' lang='lat' dir='ltr'><strong>laudem</strong></span> <span class='ocrx_word' id='word_1_6' title='bbox 891 238 944 263; x_wconf 87' lang='lat' dir='ltr'><strong>ex</strong></span> <span class='ocrx_word' id='word_1_7' title='bbox 967 238 1050 277; x_wconf 85' lang='lat' dir='ltr'><strong>qua</strong></span> <span class='ocrx_word' id='word_1_8' title='bbox 1072 225 1310 277; x_wconf 82' lang='lat' dir='ltr'><strong>eloquentia</strong></span> <span class='ocrx_word' id='word_1_9' title='bbox 1331 239 1481 266; x_wconf 88' lang='lat' dir='ltr'><strong>nomen</strong></span> 
     </span>
     <span class='ocr_line' id='line_1_3' title="bbox 273 290 580 327; baseline -0.003 0"><span class='ocrx_word' id='word_1_10' title='bbox 273 302 391 327; x_wconf 87' lang='lat' dir='ltr'><strong>suum</strong></span> <span class='ocrx_word' id='word_1_11' title='bbox 410 290 580 327; x_wconf 84' lang='lat' dir='ltr'><strong>invenit.</strong></span> 
     </span>
    </p>

    <p class='ocr_par' dir='ltr' id='par_1_3' title="bbox 272 349 1483 465">
     <span class='ocr_line' id='line_1_4' title="bbox 325 349 1483 403; baseline 0.001 -13"><span class='ocrx_word' id='word_1_12' title='bbox 325 351 463 390; x_wconf 90' lang='lat' dir='ltr'><strong>Verba</strong></span> <span class='ocrx_word' id='word_1_13' title='bbox 494 353 634 403; x_wconf 88' lang='lat' dir='ltr'><strong>igitur,</strong></span> <span class='ocrx_word' id='word_1_14' title='bbox 674 353 810 402; x_wconf 83' lang='lat' dir='ltr'><strong>inquit</strong></span> <span class='ocrx_word' id='word_1_15' title='bbox 843 349 1026 396; x_wconf 86' lang='lat' dir='ltr'>Crassus,</span> <span class='ocrx_word' id='word_1_16' title='bbox 1059 349 1158 388; x_wconf 82' lang='lat' dir='ltr'><strong>mihi</strong></span> <span class='ocrx_word' id='word_1_17' title='bbox 1195 350 1362 403; x_wconf 83' lang='lat' dir='ltr'><strong>reliquit</strong></span> <span class='ocrx_word' id='word_1_18' title='bbox 1397 351 1483 391; x_wconf 88' lang='lat' dir='ltr'><strong>An·</strong></span> 
     </span>
     <span class='ocr_line' id='line_1_5' title="bbox 272 416 843 465; baseline -0.004 -12"><span class='ocrx_word' id='word_1_19' title='bbox 272 417 421 460; x_wconf 85' lang='lat' dir='ltr'><strong>tonius,</strong></span> <span class='ocrx_word' id='word_1_20' title='bbox 440 427 529 452; x_wconf 89' lang='lat' dir='ltr'><strong>rem</strong></span> <span class='ocrx_word' id='word_1_21' title='bbox 548 417 635 465; x_wconf 89' lang='lat' dir='ltr'><strong>ipse</strong></span> <span class='ocrx_word' id='word_1_22' title='bbox 656 416 843 465; x_wconf 86' lang='lat' dir='ltr'><strong>sumpsit.</strong></span> 
     </span>
    </p>

    <p class='ocr_par' dir='ltr' id='par_1_4' title="bbox 189 473 1482 655">
     <span class='ocr_line' id='line_1_6' title="bbox 189 473 1482 530; baseline 0.002 -16"><span class='ocrx_word' id='word_1_23' title='bbox 189 482 252 514; x_wconf 83' lang='lat'><strong>367</strong></span> <span class='ocrx_word' id='word_1_24' title='bbox 276 473 279 476; x_wconf 35' lang='lat'>¹</span> <span class='ocrx_word' id='word_1_25' title='bbox 323 477 430 515; x_wconf 89' lang='lat' dir='ltr'><strong>Tum</strong></span> <span class='ocrx_word' id='word_1_26' title='bbox 445 476 596 514; x_wconf 87' lang='lat' dir='ltr'><strong>Caesar</strong></span> <span class='ocrx_word' id='word_1_27' title='bbox 612 491 620 515; x_wconf 76' lang='grc' dir='ltr'>ε</span> <span class='ocrx_word' id='word_1_28' title='bbox 657 476 698 514; x_wconf 90' lang='lat' dir='ltr'><strong>Si</strong></span> <span class='ocrx_word' id='word_1_29' title='bbox 719 476 830 528; x_wconf 93' lang='lat' dir='ltr'><strong>quod</strong></span> <span class='ocrx_word' id='word_1_30' title='bbox 849 475 1047 514; x_wconf 85' lang='lat' dir='ltr'><strong>difficilius</strong></span> <span class='ocrx_word' id='word_1_31' title='bbox 1068 481 1133 515; x_wconf 87' lang='lat' dir='ltr'><strong>est</strong></span> <span class='ocrx_word' id='word_1_32' title='bbox 1151 476 1195 515; x_wconf 90' lang='lat' dir='ltr'><strong>id</strong></span> <span class='ocrx_word' id='word_1_33' title='bbox 1209 477 1286 515; x_wconf 90' lang='lat' dir='ltr'><strong>tibi</strong></span> <span class='ocrx_word' id='word_1_34' title='bbox 1301 476 1482 530; x_wconf 87' lang='lat' dir='ltr'><strong>reliquit,</strong></span> 
     </span>
     <span class='ocr_line' id='line_1_7' title="bbox 270 538 1482 591; baseline 0.001 -12"><span class='ocrx_word' id='word_1_35' title='bbox 270 545 334 579; x_wconf 89' lang='lat' dir='ltr'><strong>est</strong></span> <span class='ocrx_word' id='word_1_36' title='bbox 356 540 487 585; x_wconf 86' lang='lat' dir='ltr'><strong>nobis,</strong></span> <span class='ocrx_word' id='word_1_37' title='bbox 514 542 662 591; x_wconf 90' lang='lat' dir='ltr'><strong>inquit,</strong></span> <span class='ocrx_word' id='word_1_38' title='bbox 682 552 805 577; x_wconf 87' lang='lat' dir='ltr'><strong>causa</strong></span> <span class='ocrx_word' id='word_1_39' title='bbox 825 552 896 577; x_wconf 90' lang='lat' dir='ltr'><strong>cur</strong></span> <span class='ocrx_word' id='word_1_40' title='bbox 921 544 965 577; x_wconf 91' lang='lat' dir='ltr'><strong>te</strong></span> <span class='ocrx_word' id='word_1_41' title='bbox 986 538 1127 577; x_wconf 84' lang='lat' dir='ltr'><strong>audire</strong></span> <span class='ocrx_word' id='word_1_42' title='bbox 1147 542 1359 590; x_wconf 83' lang='lat' dir='ltr'><strong>cupiamus</strong></span> <span class='ocrx_word' id='word_1_43' title='bbox 1378 554 1387 580; x_wconf 92' lang='lat'>:</span> <span class='ocrx_word' id='word_1_44' title='bbox 1419 543 1482 579; x_wconf 86' lang='lat' dir='ltr'><strong>sin</strong></span> 
     </span>
     <span class='ocr_line' id='line_1_8' title="bbox 269 601 1275 655; baseline 0 -14"><span class='ocrx_word' id='word_1_45' title='bbox 269 603 380 655; x_wconf 93' lang='lat' dir='ltr'><strong>quod</strong></span> <span class='ocrx_word' id='word_1_46' title='bbox 396 601 569 648; x_wconf 86' lang='lat' dir='ltr'><strong>facilius,</strong></span> <span class='ocrx_word' id='word_1_47' title='bbox 587 603 663 640; x_wconf 92' lang='lat' dir='ltr'><strong>tibi</strong></span> <span class='ocrx_word' id='word_1_48' title='bbox 681 615 804 640; x_wconf 86' lang='lat' dir='ltr'><strong>causa</strong></span> <span class='ocrx_word' id='word_1_49' title='bbox 823 615 906 639; x_wconf 91' lang='lat' dir='ltr'><strong>non</strong></span> <span class='ocrx_word' id='word_1_50' title='bbox 926 606 991 640; x_wconf 88' lang='lat' dir='ltr'><strong>est</strong></span> <span class='ocrx_word' id='word_1_51' title='bbox 1009 615 1081 640; x_wconf 90' lang='lat' dir='ltr'><strong>cur</strong></span> <span class='ocrx_word' id='word_1_52' title='bbox 1099 614 1275 641; x_wconf 87' lang='lat' dir='ltr'><strong>recuses.</strong></span> 
     </span>
    </p>

    <p class='ocr_par' dir='ltr' id='par_1_5' title="bbox 268 664 1484 844">
     <span class='ocr_line' id='line_1_9' title="bbox 322 664 1480 717; baseline 0.002 -14"><span class='ocrx_word' id='word_1_53' title='bbox 322 665 379 704; x_wconf 89' lang='lat' dir='ltr'><strong>Et</strong></span> <span class='ocrx_word' id='word_1_54' title='bbox 402 664 573 703; x_wconf 79' lang='lat' dir='ltr'><strong>Catulus</strong></span> <span class='ocrx_word' id='word_1_55' title='bbox 593 679 602 704; x_wconf 79' lang='lat' dir='ltr'><strong><em>z</em></strong></span> <span class='ocrx_word' id='word_1_56' title='bbox 637 664 748 713; x_wconf 80' lang='lat' dir='ltr'><strong>Quid</strong></span> <span class='ocrx_word' id='word_1_57' title='bbox 772 664 883 716; x_wconf 92' lang='lat' dir='ltr'><strong>quod</strong></span> <span class='ocrx_word' id='word_1_58' title='bbox 906 664 1060 711; x_wconf 76' lang='lat' dir='ltr'><strong>dixisti,</strong></span> <span class='ocrx_word' id='word_1_59' title='bbox 1088 666 1237 717; x_wconf 90' lang='lat' dir='ltr'><strong>inquit,</strong></span> <span class='ocrx_word' id='word_1_60' title='bbox 1263 664 1422 713; x_wconf 86' lang='lat' dir='ltr'><strong>Crasse,</strong></span> <span class='ocrx_word' id='word_1_61' title='bbox 1447 668 1480 705; x_wconf 83' lang='lat' dir='ltr'><strong>si</strong></span> 
     </span>
     <span class='ocr_line' id='line_1_10' title="bbox 268 727 1480 779; baseline 0.001 -12"><span class='ocrx_word' id='word_1_62' title='bbox 268 728 390 767; x_wconf 92' lang='lat' dir='ltr'><strong>hodie</strong></span> <span class='ocrx_word' id='word_1_63' title='bbox 428 727 539 779; x_wconf 86' lang='lat' dir='ltr'><strong>apud</strong></span> <span class='ocrx_word' id='word_1_64' title='bbox 579 733 624 766; x_wconf 87' lang='lat' dir='ltr'><strong>te</strong></span> <span class='ocrx_word' id='word_1_65' title='bbox 660 740 921 766; x_wconf 87' lang='lat' dir='ltr'><strong>maneremus</strong></span> <span class='ocrx_word' id='word_1_66' title='bbox 958 732 1002 765; x_wconf 89' lang='lat' dir='ltr'><strong>te</strong></span> <span class='ocrx_word' id='word_1_67' title='bbox 1040 741 1197 766; x_wconf 89' lang='lat' dir='ltr'><strong>morem</strong></span> <span class='ocrx_word' id='word_1_68' title='bbox 1234 728 1350 767; x_wconf 88' lang='lat' dir='ltr'><strong>nobis</strong></span> <span class='ocrx_word' id='word_1_69' title='bbox 1381 742 1480 768; x_wconf 47' lang='lat' dir='ltr'><strong>*esse</strong></span> 
     </span>
     <span class='ocr_line' id='line_1_11' title="bbox 268 789 1484 844; baseline 0 -14"><span class='ocrx_word' id='word_1_70' title='bbox 268 797 497 844; x_wconf 87' lang='lat' dir='ltr'><strong>gesturum,</strong></span> <span class='ocrx_word' id='word_1_71' title='bbox 517 789 671 828; x_wconf 91' lang='lat' dir='ltr'><strong>nihilne</strong></span> <span class='ocrx_word' id='word_1_72' title='bbox 692 790 746 828; x_wconf 93' lang='lat' dir='ltr'><strong>ad</strong></span> <span class='ocrx_word' id='word_1_73' title='bbox 766 789 890 828; x_wconf 89' lang='lat' dir='ltr'><strong>fidem</strong></span> <span class='ocrx_word' id='word_1_74' title='bbox 910 795 1027 828; x_wconf 89' lang='lat' dir='ltr'><strong>tuam</strong></span> <span class='ocrx_word' id='word_1_75' title='bbox 1045 795 1168 841; x_wconf 89' lang='lat' dir='ltr'><strong>putas</strong></span> <span class='ocrx_word' id='word_1_76' title='bbox 1187 793 1396 842; x_wconf 85' lang='lat' dir='ltr'><strong>pertinere</strong></span> <span class='ocrx_word' id='word_1_77' title='bbox 1415 792 1431 830; x_wconf 89' lang='lat'>?</span> <span class='ocrx_word' id='word_1_78' title='bbox 1481 801 1484 805; x_wconf 82' lang='grc'><em>“</em></span> 
     </span>
    </p>

    <p class='ocr_par' dir='ltr' id='par_1_6' title="bbox 268 851 1482 1093">
     <span class='ocr_line' id='line_1_12' title="bbox 319 851 1481 905; baseline 0.002 -13"><span class='ocrx_word' id='word_1_79' title='bbox 319 853 426 892; x_wconf 92' lang='lat' dir='ltr'><strong>Tum</strong></span> <span class='ocrx_word' id='word_1_80' title='bbox 457 853 582 891; x_wconf 85' lang='lat' dir='ltr'><strong>Cotta</strong></span> <span class='ocrx_word' id='word_1_81' title='bbox 612 853 778 891; x_wconf 86' lang='lat' dir='ltr'><strong>ridens:</strong></span> <span class='ocrx_word' id='word_1_82' title='bbox 825 851 993 891; x_wconf 88' lang='lat' dir='ltr'><strong>Possem</strong></span> <span class='ocrx_word' id='word_1_83' title='bbox 1023 853 1114 899; x_wconf 90' lang='lat' dir='ltr'><strong>tibi,</strong></span> <span class='ocrx_word' id='word_1_84' title='bbox 1144 855 1293 905; x_wconf 85' lang='lat' dir='ltr'><strong>inquit,</strong></span> <span class='ocrx_word' id='word_1_85' title='bbox 1321 853 1481 902; x_wconf 85' lang='lat' dir='ltr'><strong>Crasse,</strong></span> 
     </span>
     <span class='ocr_line' id='line_1_13' title="bbox 269 915 1482 967; baseline 0.001 -11"><span class='ocrx_word' id='word_1_86' title='bbox 269 917 524 962; x_wconf 80' lang='lat' dir='ltr'><strong>concedere3</strong></span> <span class='ocrx_word' id='word_1_87' title='bbox 564 916 638 954; x_wconf 89' lang='lat' dir='ltr'><strong>sed</strong></span> <span class='ocrx_word' id='word_1_88' title='bbox 667 915 759 954; x_wconf 92' lang='lat' dir='ltr'><strong>vide</strong></span> <span class='ocrx_word' id='word_1_89' title='bbox 790 928 843 954; x_wconf 90' lang='lat' dir='ltr'><strong>ne</strong></span> <span class='ocrx_word' id='word_1_90' title='bbox 874 915 974 967; x_wconf 92' lang='lat' dir='ltr'><strong>quid</strong></span> <span class='ocrx_word' id='word_1_91' title='bbox 1004 915 1174 954; x_wconf 81' lang='lat' dir='ltr'><strong>Catulus</strong></span> <span class='ocrx_word' id='word_1_92' title='bbox 1201 916 1390 956; x_wconf 85' lang='lat' dir='ltr'><strong>attulerit</strong></span> <span class='ocrx_word' id='word_1_93' title='bbox 1418 931 1482 958; x_wconf 89' lang='lat' dir='ltr'><strong>re-</strong></span> 
     </span>
     <span class='ocr_line' id='line_1_14' title="bbox 268 978 1480 1032; baseline 0.002 -14"><span class='ocrx_word' id='word_1_94' title='bbox 268 980 459 1032; x_wconf 89' lang='lat' dir='ltr'><strong>ligionis:</strong></span> <span class='ocrx_word' id='word_1_95' title='bbox 512 978 590 1017; x_wconf 86' lang='lat' dir='ltr'><strong>hoc</strong></span> <span class='ocrx_word' id='word_1_96' title='bbox 618 992 720 1030; x_wconf 92' lang='lat' dir='ltr'><strong>opus</strong></span> <span class='ocrx_word' id='word_1_97' title='bbox 749 980 978 1017; x_wconf 85' lang='lat' dir='ltr'><strong>censorium</strong></span> <span class='ocrx_word' id='word_1_98' title='bbox 1017 984 1095 1025; x_wconf 89' lang='lat' dir='ltr'><strong>est,</strong></span> <span class='ocrx_word' id='word_1_99' title='bbox 1131 979 1175 1017; x_wconf 88' lang='lat' dir='ltr'><strong>id</strong></span> <span class='ocrx_word' id='word_1_100' title='bbox 1203 985 1345 1018; x_wconf 88' lang='lat' dir='ltr'><strong>autem</strong></span> <span class='ocrx_word' id='word_1_101' title='bbox 1372 993 1480 1020; x_wconf 88' lang='lat' dir='ltr'><strong>oom-</strong></span> 
     </span>
     <span class='ocr_line' id='line_1_15' title="bbox 269 1041 1332 1093; baseline 0 -12"><span class='ocrx_word' id='word_1_102' title='bbox 269 1046 437 1081; x_wconf 88' lang='lat' dir='ltr'><strong>mittere</strong></span> <span class='ocrx_word' id='word_1_103' title='bbox 455 1042 565 1081; x_wconf 81' lang='lat' dir='ltr'><strong>vide1</strong></span> <span class='ocrx_word' id='word_1_104' title='bbox 584 1055 709 1093; x_wconf 88' lang='lat' dir='ltr'><strong>quam</strong></span> <span class='ocrx_word' id='word_1_105' title='bbox 727 1041 882 1080; x_wconf 89' lang='lat' dir='ltr'><strong>homini</strong></span> <span class='ocrx_word' id='word_1_106' title='bbox 900 1044 1083 1079; x_wconf 87' lang='lat' dir='ltr'><strong>censorio</strong></span> <span class='ocrx_word' id='word_1_107' title='bbox 1101 1045 1332 1081; x_wconf 83' lang='lat' dir='ltr'><strong>conveniat.</strong></span> 
     </span>
    </p>

    <p class='ocr_par' dir='ltr' id='par_1_7' title="bbox 267 1103 1480 1395">
     <span class='ocr_line' id='line_1_16' title="bbox 321 1103 1479 1157; baseline 0.003 -14"><span class='ocrx_word' id='word_1_108' title='bbox 321 1106 448 1157; x_wconf 85' lang='lat' dir='ltr'><strong>Agite</strong></span> <span class='ocrx_word' id='word_1_109' title='bbox 476 1118 587 1150; x_wconf 89' lang='lat' dir='ltr'><strong>vero,</strong></span> <span class='ocrx_word' id='word_1_110' title='bbox 608 1107 774 1156; x_wconf 85' lang='lat' dir='ltr'><strong>inquit,²</strong></span> <span class='ocrx_word' id='word_1_111' title='bbox 797 1109 844 1142; x_wconf 90' lang='lat' dir='ltr'><strong>ut</strong></span> <span class='ocrx_word' id='word_1_112' title='bbox 866 1103 1001 1142; x_wconf 88' lang='lat' dir='ltr'><strong>vultis.</strong></span> <span class='ocrx_word' id='word_1_113' title='bbox 1056 1103 1139 1143; x_wconf 87' lang='lat' dir='ltr'><strong>Sed</strong></span> <span class='ocrx_word' id='word_1_114' title='bbox 1158 1118 1272 1143; x_wconf 78' lang='lat' dir='ltr'><strong>nunc</strong></span> <span class='ocrx_word' id='word_1_115' title='bbox 1298 1105 1479 1157; x_wconf 90' lang='lat' dir='ltr'><strong>quidem,</strong></span> 
     </span>
     <span class='ocr_line' id='line_1_17' title="bbox 269 1167 1480 1220; baseline 0.002 -14"><span class='ocrx_word' id='word_1_116' title='bbox 269 1171 463 1220; x_wconf 86' lang='lat' dir='ltr'><strong>quoniam</strong></span> <span class='ocrx_word' id='word_1_117' title='bbox 489 1173 554 1206; x_wconf 83' lang='lat' dir='ltr'><strong>est</strong></span> <span class='ocrx_word' id='word_1_118' title='bbox 581 1167 624 1205; x_wconf 91' lang='lat' dir='ltr'><strong>id</strong></span> <span class='ocrx_word' id='word_1_119' title='bbox 651 1169 864 1218; x_wconf 84' lang='lat' dir='ltr'><strong>temporiS,</strong></span> <span class='ocrx_word' id='word_1_120' title='bbox 887 1167 1140 1218; x_wconf 87' lang='lat' dir='ltr'><strong>surgendum</strong></span> <span class='ocrx_word' id='word_1_121' title='bbox 1168 1180 1317 1206; x_wconf 85' lang='lat' dir='ltr'><strong>censeo</strong></span> <span class='ocrx_word' id='word_1_122' title='bbox 1346 1174 1390 1207; x_wconf 87' lang='lat' dir='ltr'><strong>et</strong></span> <span class='ocrx_word' id='word_1_123' title='bbox 1416 1181 1480 1209; x_wconf 83' lang='lat' dir='ltr'><strong>re-</strong></span> 
     </span>
     <span class='ocr_line' id='line_1_18' title="bbox 269 1229 1480 1283; baseline 0.002 -14"><span class='ocrx_word' id='word_1_124' title='bbox 269 1230 564 1283; x_wconf 87' lang='lat' dir='ltr'><strong>quiescendum</strong></span> <span class='ocrx_word' id='word_1_125' title='bbox 583 1243 592 1268; x_wconf 75' lang='grc' dir='ltr'>ι</span> <span class='ocrx_word' id='word_1_126' title='bbox 635 1235 730 1280; x_wconf 89' lang='lat' dir='ltr'><strong>post</strong></span> <span class='ocrx_word' id='word_1_127' title='bbox 753 1229 982 1275; x_wconf 88' lang='lat' dir='ltr'><strong>meridiem,</strong></span> <span class='ocrx_word' id='word_1_128' title='bbox 1007 1232 1040 1267; x_wconf 93' lang='lat' dir='ltr'><strong>si</strong></span> <span class='ocrx_word' id='word_1_129' title='bbox 1062 1232 1123 1267; x_wconf 86' lang='lat' dir='ltr'><strong>ita</strong></span> <span class='ocrx_word' id='word_1_130' title='bbox 1146 1230 1259 1268; x_wconf 91' lang='lat' dir='ltr'><strong>vobis</strong></span> <span class='ocrx_word' id='word_1_131' title='bbox 1283 1236 1348 1270; x_wconf 86' lang='lat' dir='ltr'><strong>est</strong></span> <span class='ocrx_word' id='word_1_132' title='bbox 1371 1239 1480 1271; x_wconf 59' lang='lat' dir='ltr'><strong>com*-</strong></span> 
     </span>
     <span class='ocr_line' id='line_1_19' title="bbox 267 1290 1480 1344; baseline 0.002 -12"><span class='ocrx_word' id='word_1_133' title='bbox 267 1293 450 1338; x_wconf 91' lang='lat' dir='ltr'><strong>modum,</strong></span> <span class='ocrx_word' id='word_1_134' title='bbox 483 1292 699 1344; x_wconf 90' lang='lat' dir='ltr'><strong>loquemur</strong></span> <span class='ocrx_word' id='word_1_135' title='bbox 731 1291 899 1343; x_wconf 84' lang='lat' dir='ltr'><strong>aliquid,</strong></span> <span class='ocrx_word' id='word_1_136' title='bbox 933 1294 1009 1330; x_wconf 82' lang='lat' dir='ltr'><strong>nisi</strong></span> <span class='ocrx_word' id='word_1_137' title='bbox 1042 1290 1150 1330; x_wconf 88' lang='lat' dir='ltr'><strong>forte</strong></span> <span class='ocrx_word' id='word_1_138' title='bbox 1182 1294 1226 1330; x_wconf 90' lang='lat' dir='ltr'><strong>in</strong></span> <span class='ocrx_word' id='word_1_139' title='bbox 1256 1296 1480 1334; x_wconf 84' lang='lat' dir='ltr'><strong>crastinum</strong></span> 
     </span>
     <span class='ocr_line' id='line_1_20' title="bbox 268 1355 653 1395; baseline -0.005 0"><span class='ocrx_word' id='word_1_140' title='bbox 268 1356 430 1395; x_wconf 86' lang='lat' dir='ltr'><strong>differre</strong></span> <span class='ocrx_word' id='word_1_141' title='bbox 449 1355 653 1393; x_wconf 84' lang='lat' dir='ltr'><strong>mavultis.</strong></span> 
     </span>
    </p>

    <p class='ocr_par' dir='ltr' id='par_1_8' title="bbox 268 1416 1479 1533">
     <span class='ocr_line' id='line_1_21' title="bbox 321 1416 1479 1469; baseline 0.003 -13"><span class='ocrx_word' id='word_1_142' title='bbox 321 1419 476 1457; x_wconf 90' lang='lat' dir='ltr'><strong>Omnes</strong></span> <span class='ocrx_word' id='word_1_143' title='bbox 509 1431 553 1456; x_wconf 90' lang='lat' dir='ltr'><strong>se</strong></span> <span class='ocrx_word' id='word_1_144' title='bbox 585 1417 650 1456; x_wconf 90' lang='lat' dir='ltr'><strong>vel</strong></span> <span class='ocrx_word' id='word_1_145' title='bbox 680 1419 823 1456; x_wconf 86' lang='lat' dir='ltr'><strong>statim</strong></span> <span class='ocrx_word' id='word_1_146' title='bbox 854 1416 919 1455; x_wconf 89' lang='lat' dir='ltr'><strong>vel</strong></span> <span class='ocrx_word' id='word_1_147' title='bbox 956 1420 989 1455; x_wconf 91' lang='lat' dir='ltr'><strong>si</strong></span> <span class='ocrx_word' id='word_1_148' title='bbox 1019 1420 1107 1469; x_wconf 91' lang='lat' dir='ltr'><strong>ipse</strong></span> <span class='ocrx_word' id='word_1_149' title='bbox 1140 1423 1235 1469; x_wconf 83' lang='lat' dir='ltr'><strong>post</strong></span> <span class='ocrx_word' id='word_1_150' title='bbox 1264 1419 1479 1459; x_wconf 90' lang='lat' dir='ltr'><strong>meridiem</strong></span> 
     </span>
     <span class='ocr_line' id='line_1_22' title="bbox 268 1480 1437 1533; baseline 0 -12"><span class='ocrx_word' id='word_1_151' title='bbox 268 1481 425 1527; x_wconf 77' lang='lat' dir='ltr'><strong>mallet,</strong></span> <span class='ocrx_word' id='word_1_152' title='bbox 445 1494 569 1533; x_wconf 87' lang='lat' dir='ltr'><strong>quam</strong></span> <span class='ocrx_word' id='word_1_153' title='bbox 588 1483 765 1532; x_wconf 88' lang='lat' dir='ltr'><strong>primum</strong></span> <span class='ocrx_word' id='word_1_154' title='bbox 784 1485 926 1519; x_wconf 83' lang='lat' dir='ltr'><strong>tamen</strong></span> <span class='ocrx_word' id='word_1_155' title='bbox 946 1480 1087 1519; x_wconf 87' lang='lat' dir='ltr'><strong>audire</strong></span> <span class='ocrx_word' id='word_1_156' title='bbox 1106 1480 1211 1519; x_wconf 87' lang='lat' dir='ltr'><strong>velle</strong></span> <span class='ocrx_word' id='word_1_157' title='bbox 1230 1480 1437 1522; x_wconf 85' lang='lat' dir='ltr'><strong>dixerunt.</strong></span> 
     </span>
    </p>
   </div>
   <div class='ocr_carea' id='block_1_3' title="bbox 403 1566 1401 1612">
    <p class='ocr_par' dir='ltr' id='par_1_9' title="bbox 403 1566 1401 1612">
     <span class='ocr_line' id='line_1_23' title="bbox 403 1566 1401 1612; baseline 0 -10"><span class='ocrx_word' id='word_1_158' title='bbox 403 1567 419 1590; x_wconf 81' lang='lat'>²</span> <span class='ocrx_word' id='word_1_159' title='bbox 439 1568 554 1603; x_wconf 77' lang='lat' dir='ltr'><strong>Reid.-</strong></span> <span class='ocrx_word' id='word_1_160' title='bbox 579 1567 689 1602; x_wconf 85' lang='lat' dir='ltr'><strong>vides.</strong></span> <span class='ocrx_word' id='word_1_161' title='bbox 1022 1567 1038 1588; x_wconf 84' lang='lat'>⁸</span> <span class='ocrx_word' id='word_1_162' title='bbox 1060 1567 1121 1601; x_wconf 84' lang='lat' dir='ltr'><strong>v.l.</strong></span> <span class='ocrx_word' id='word_1_163' title='bbox 1139 1566 1199 1601; x_wconf 85' lang='lat' dir='ltr'><strong>ille</strong></span> <span class='ocrx_word' id='word_1_164' title='bbox 1214 1569 1343 1612; x_wconf 88' lang='lat' dir='ltr'><strong>inquit.</strong></span> <span class='ocrx_word' id='word_1_165' title='bbox 1398 1587 1401 1590; x_wconf 30' lang='grc' dir='ltr'><em>ι</em></span> 
     </span>
    </p>
   </div>
   <div class='ocr_carea' id='block_1_4' title="bbox 263 2088 340 2124">
    <p class='ocr_par' dir='ltr' id='par_1_10' title="bbox 263 2088 340 2124">
     <span class='ocr_line' id='line_1_24' title="bbox 263 2088 340 2124; baseline 0 -1"><span class='ocrx_word' id='word_1_166' title='bbox 263 2089 314 2124; x_wconf 79' lang='lat'><strong>47</strong></span> <span class='ocrx_word' id='word_1_167' title='bbox 315 2088 340 2123; x_wconf 90' lang='lat'><strong>8</strong></span> 
     </span>
    </p>
   </div>
  </div>
 </body>
</html>
