1560 2294
743 111 947 152 CICERO

157 225 222 259 110
292 214 444 253 XXIV.
474 214 580 253 'rum
615 215 821 254 Antonius
857 215 1127 257 vehementer
1166 232 1211 258 se
1251 223 1450 260 assentire

154 668 215 700 111

239 276 384 316 Crasso
402 277 521 323 dixit,
542 277 654 329 quod
670 291 807 330 neque
825 280 886 317 ita
910 279 1231 331 amplecteretur
1248 287 1382 322 artem
1403 289 1451 322 ut

238 342 278 378 ei
297 339 478 378 solerent
498 342 567 391 qui
588 353 753 378 omnem
773 343 855 379 vim
879 341 1042 380 dicendi
1060 345 1103 380 in
1123 349 1213 383 arte
1232 351 1449 396 ponerent,

238 415 374 454 neque
399 415 560 441 rursum
587 415 680 441 eam
705 408 853 450 totam,
879 406 984 443 sicut
1009 404 1195 458 plerique
1219 406 1449 460 philosophi

237 464 437 511 facerent,
462 465 713 517 repudiaret.
769 465 851 505 Sed
879 469 1083 514 existimo,
1109 471 1257 521 inquit,
1283 476 1448 523 gratum

237 533 281 566 te
296 527 373 574 his,
388 527 547 574 Crasse,
561 527 782 574 facturum,
797 531 830 567 si
843 531 924 568 ista
939 533 1190 582 exposueris,
1205 545 1312 584 quae
1325 539 1448 585 putas

238 590 291 629 ad
305 590 525 629 dicendum
538 590 644 642 plus,
659 604 784 642 quam
798 594 930 642 ipsam
944 598 1092 639 artem,
1105 607 1226 645 posse
1239 595 1447 647 prodesse.

289 653 437 691 Dicam
478 653 685 705 equidem,
722 657 916 705 quoniam
951 657 1126 702 institui,
1161 663 1387 711 petamque
1423 672 1448 698 a

237 716 364 761 vobis,
387 718 536 767 inquit,
559 729 613 754 ne
636 715 710 754 has
733 730 847 755 meas
870 719 1048 769 ineptias
1073 718 1252 758 efferatis
1271 734 1280 759 ε
1319 734 1447 774 quan-

236 791 361 830 quam
379 778 624 816 moderabor
641 781 744 830 ipse,
763 792 830 826 ne,
850 785 898 818 ut
917 780 1085 832 quidam
1102 785 1301 835 magister
1319 789 1446 836 atque

237 839 401 886 artifex,
428 841 502 879 sed
528 843 645 892 quasi
671 855 775 880 unus
803 855 826 880 e
853 847 1091 894 togatorum
1113 857 1299 892 numero,
1319 851 1446 899 atque

237 916 289 941 ex
307 902 459 942 forensi
486 917 562 942 usu
581 903 704 942 homo
723 904 952 951 mediocris,
972 919 1108 958 neque
1135 910 1300 947 omnino
1319 909 1445 956 rudis,

236 966 389 1012 videar,
404 979 486 1004 non
506 969 595 1018 ipse
611 966 766 1018 aliquid
780 980 805 1005 a
819 981 886 1005 me
901 971 1164 1020 prompsisse,
1179 970 1255 1009 sed
1273 969 1445 1011 fortuito

153 1039 216 1071 112
234 1031 276 1066 in
318 1042 550 1067 sermonem
592 1034 775 1068 vestrum
816 1030 1018 1070 incidisse.
1085 1031 1306 1084 Equidem,
1349 1047 1444 1074 cum

233 1096 423 1143 peterem
446 1094 751 1143 magistratum,
777 1092 959 1131 solebam
984 1096 1027 1132 in
1051 1095 1284 1145 prensando
1308 1096 1445 1137 dimit-

233 1159 324 1192 tere
351 1167 375 1191 a
394 1167 462 1192 me
489 1153 740 1200 Scaevolam,
760 1168 854 1193 cum
881 1158 918 1194 ei
944 1158 1004 1194 ita
1029 1156 1224 1204 dicerem,
1243 1172 1311 1197 me
1337 1159 1442 1200 velle

234 1229 323 1255 esse
351 1219 568 1267 ineptum:
610 1216 654 1255 id
681 1222 771 1256 erat
797 1223 943 1269 petere
971 1219 1189 1267 blandius;
1231 1221 1342 1273 quod
1368 1224 1443 1262 nisi

231 1281 374 1331 inepte
391 1279 524 1325 fieret,
540 1280 646 1318 bene
662 1293 745 1318 non
759 1286 900 1332 posset
916 1281 1016 1321 fieri.
1059 1282 1181 1322 Hunc
1196 1290 1338 1323 autem
1353 1298 1442 1325 esse

233 1355 361 1380 unum
378 1341 587 1381 hominem
606 1355 658 1381 ex
676 1343 879 1390 omnibus,
897 1357 978 1396 quo
995 1351 1215 1396 praesente
1234 1360 1312 1399 ego
1329 1350 1443 1400 inep-

233 1410 300 1443 tus
317 1418 406 1443 esse
421 1407 589 1443 minime
605 1405 753 1444 vellem
773 1419 782 1444 ε
812 1419 938 1458 quem
953 1407 1120 1459 quidem
1136 1422 1244 1448 nunc
1258 1422 1443 1450 mearum

232 1470 482 1518 ineptiarum
500 1472 653 1506 testem
673 1473 718 1506 et
735 1474 1013 1520 spectatorem
1031 1469 1197 1509 fortuna
1214 1475 1440 1512 constituit.

234 1530 341 1567 Nam
360 1530 460 1581 quid
480 1535 544 1568 est
563 1533 757 1582 ineptius,
772 1545 898 1582 quam
912 1532 965 1570 de
984 1532 1158 1572 dicendo
1178 1534 1328 1581 dicere,
1347 1549 1441 1574 cum

231 1595 365 1644 ipsum
385 1592 521 1631 dicere
541 1606 753 1645 nunquam
773 1596 826 1632 sit
845 1608 927 1632 non
946 1597 1150 1646 ineptum,
1166 1599 1244 1635 nisi
1263 1610 1357 1636 cum
1377 1604 1441 1637 est

232 1657 506 1693 necessarium
524 1655 540 1693 ?

150 1727 212 1759 113
283 1716 416 1769 Perge
446 1731 556 1764 vero,
585 1717 744 1764 Crasse,
772 1721 908 1771 inquit
939 1719 1115 1759 Mucius.
1172 1721 1301 1760 Istam
1331 1724 1441 1762 enim

230 1779 407 1831 culpam,
427 1793 552 1831 quam
571 1783 736 1826 vereris,
756 1794 834 1833 ego
852 1782 1085 1833 praestabo.

278 1882 294 1897 ⁰
317 1878 476 1920 Ineptue,
499 1878 685 1922 generally
703 1890 724 1914 e
749 1879 908 1914 uivalent
931 1883 968 1914 to
995 1880 1003 1895 ‘
1015 1882 1189 1925 unhappy
1200 1882 1209 1897 ’
1234 1893 1274 1916 οι·
1299 1882 1308 1897 ⁸
1319 1884 1440 1918 incon·

230 1921 388 1963 gruouS‚‘
402 1923 430 1955 is
446 1922 529 1956 here
544 1922 632 1956 used
648 1922 743 1958 loose
758 1935 783 1966 y
798 1934 838 1957 as
856 1925 1026 1968 meaning
1042 1925 1050 1938 ‘
1061 1925 1168 1968 silly.'
1214 1926 1362 1960 Crassus
1376 1926 1440 1961 felt

230 1965 309 1998 that
323 1965 378 1998 his
395 1964 539 2009 talking
554 1966 666 2000 about
680 1970 825 2010 oratory
840 1978 913 2001 was
932 1978 972 2001 as
987 1968 1070 2011 silly
1085 1980 1107 2002 a
1131 1969 1291 2004 business
1311 1980 1352 2005 as
1366 1980 1440 2005 was

230 2007 389 2052 shaking
403 2009 520 2043 hands
537 2011 619 2043 with
637 2011 844 2054 everybody
859 2011 961 2046 when
978 2014 1204 2056 canvassing.

229 2070 279 2108 78
