1560 2294
748 124 952 164 CICERO

246 231 372 269 etiam
406 230 681 282 superioribus
713 228 921 268 invidetur
953 241 1078 280 saepe
1113 226 1383 267 vehementer
1410 231 1455 266 et

245 308 295 334 eo
337 298 481 348 magis,
524 298 557 334 si
603 294 889 334 intolerantius
932 307 977 333 se
1017 295 1176 332 iactant
1218 298 1262 332 et
1304 303 1455 345 aequa-

246 360 450 400 bilitatem
482 363 579 400 iuris
617 362 872 413 praestantia
909 359 1122 412 dignitatis
1153 363 1227 398 aut
1262 357 1454 397 fortunae

245 440 343 465 suae
363 432 605 473 transeunt3
635 439 741 478 quae
768 428 801 464 si
826 425 1120 464 inflammanda
1145 429 1256 470 sunt,
1274 425 1454 463 maxime

245 492 464 531 dicendum
494 498 558 531 est
586 506 667 531 non
694 505 783 531 esse
811 493 963 530 virtute
988 496 1122 543 parta,
1148 489 1299 529 deinde
1328 491 1455 528 etiam

245 560 352 597 vitiis
371 564 497 610 atque
523 560 717 610 peccatis,
735 563 840 603 tum,
866 559 900 595 si
920 562 1042 595 erunt
1067 555 1302 595 honestiora
1327 560 1454 608 atque

245 626 445 676 graviora,
468 629 611 662 tamen
640 637 721 662 non
751 636 839 662 esse
869 627 989 661 tanta
1013 621 1082 661 illa
1110 623 1272 668 merita,
1298 625 1455 674 quanta

164 692 230 727 210
246 689 464 728 insolentia
514 689 688 728 hominis
738 693 1023 741 quantumque
1074 686 1299 726 fastidium.
1388 684 1456 725 Ad

248 755 475 794 sedandum
495 761 651 802 autem,
665 768 816 807 magno
836 753 904 792 illa
922 753 1077 800 labore,
1092 755 1252 806 magnis
1266 750 1455 805 perieulis

248 834 336 860 esse
355 827 475 873 parta
499 834 576 860 nec
602 821 656 860 ad
681 834 799 859 suum
825 819 1100 865 commodum,
1119 818 1194 858 sed
1213 817 1266 857 ad
1285 817 1455 862 aliorum

248 901 336 926 esse
370 886 542 934 collata;
596 899 774 938 eumque
807 888 839 924 si
874 889 1014 938 quam²
1044 884 1216 937 gloriam
1245 885 1455 936 peperisse

246 953 448 999 videatur,
463 954 686 991 tamenetsi
705 965 754 990 ea
771 965 854 990 non
869 954 922 990 sit
937 953 1077 1003 iniqua
1095 963 1253 989 merces
1271 947 1455 1002 periculi,

245 1025 387 1059 tamen
426 1032 476 1057 ea
514 1032 595 1057 non
639 1017 837 1057 delectari
875 1022 1092 1068 totamque
1131 1016 1293 1055 abicere
1327 1019 1455 1067 atque

245 1085 479 1137 deponere;
521 1086 770 1135 omninoque
807 1082 1102 1135 perficiendum
1146 1087 1225 1128 est,
1262 1082 1455 1133 quoniam

245 1150 430 1203 plerique
463 1155 560 1189 sunt
592 1149 718 1188 invidi
747 1151 1010 1200 maximeque
1043 1147 1120 1187 hoc
1146 1152 1210 1186 est
1238 1158 1455 1186 commune

246 1219 390 1255 vitium
421 1220 465 1255 et
497 1220 780 1268 pervagatum,
813 1214 1020 1253 invidetur
1050 1218 1191 1252 autem
1226 1213 1455 1265 praestanti

247 1282 491 1334 florentique
526 1280 732 1326 fortunae,
770 1286 818 1319 ut
852 1279 954 1318 haec
990 1281 1126 1331 opinio
1164 1280 1374 1317 minuatur
1411 1281 1456 1316 et

246 1348 315 1386 illa
353 1347 556 1386 excellens
595 1348 786 1398 opinione
829 1344 996 1385 fortuna
1037 1358 1130 1384 cum
1166 1343 1372 1383 laboribus
1411 1347 1456 1382 et

165 1418 227 1451 211
246 1416 418 1452 miseriis
446 1415 653 1465 permixta
686 1425 774 1451 esse
804 1411 1004 1450 videatur.
1064 1410 1152 1449 Iam
1180 1408 1456 1448 misericordia

247 1485 449 1526 movetur,
483 1481 515 1517 si
553 1481 600 1524 is,
640 1480 710 1530 qui
751 1477 881 1523 audit,
910 1476 1058 1516 adduci
1097 1480 1251 1527 potest,
1289 1480 1338 1515 ut
1372 1473 1456 1521 illa,

246 1559 353 1598 quae
387 1545 439 1584 de
478 1545 608 1583 altero
642 1543 922 1595 deplorentur,
957 1542 1011 1581 ad
1047 1555 1141 1580 suas
1178 1553 1243 1580 res
1275 1545 1455 1587 revocet,

245 1624 346 1664 quas
399 1615 472 1650 aut
524 1609 667 1648 tulerit
719 1609 885 1647 acerbas
940 1613 1013 1646 aut
1060 1610 1221 1652 timeat,
1273 1610 1347 1646 aut
1395 1607 1456 1645 in-

244 1681 366 1716 tuens
401 1676 525 1715 alium
563 1675 705 1714 crebro
737 1674 790 1713 ad
823 1687 867 1713 se
904 1676 1038 1726 ipsum
1075 1677 1320 1711 revertatur.
1390 1670 1456 1711 Ita

244 1756 337 1781 cum
366 1741 514 1795 singuli
542 1754 658 1779 casus
688 1740 959 1778 humanarum
993 1740 1247 1777 miseriarum
1276 1739 1457 1790 graviter

246 1811 514 1859 accipiuntur,
553 1809 586 1845 si
625 1806 816 1845 dicuntur
855 1805 1057 1850 dolenter,
1096 1809 1186 1842 tum
1225 1803 1374 1842 afflicta
1411 1807 1456 1841 et

247 1879 452 1926 prostrata
485 1875 612 1911 virtus
648 1874 827 1910 maxime
862 1870 1048 1909 luctuosa
1076 1874 1152 1908 est.
1207 1868 1278 1915 Et,
1306 1873 1355 1907 ut
1387 1867 1456 1906 illa

247 1939 378 1978 altera
395 1952 489 1991 pars
509 1940 717 1983 orationis,
737 1949 843 1989 quae
863 1936 1079 1988 probitatis
1098 1933 1455 1973 commendatione

573 2021 585 2042 ¹
608 2021 752 2056 Piderit
767 2033 781 2056 .·
805 2018 1007 2063 collataque
1023 2029 1140 2053 suam.

246 2096 324 2131 352
