1560 2294
751 105 956 145 CICERO

244 222 327 247 non
354 208 482 255 videt,
510 214 584 247 aut
610 208 729 260 plura
759 209 954 261 loquitur,
982 214 1056 248 aut
1082 222 1127 248 se
1155 214 1357 256 ostentat,
1384 215 1459 250 aut

245 282 401 315 eorum,
431 269 675 321 quibuscum
705 274 783 315 est,
812 269 878 307 vel
906 269 1135 322 dignitatis,
1164 269 1230 308 vel
1257 269 1460 310 commodi

243 331 447 367 rationem
463 342 546 368 non
561 328 704 375 habet,
721 334 795 367 aut
810 328 990 381 denique
1005 332 1048 367 in
1064 329 1200 382 aliquo
1215 343 1370 382 genere
1386 335 1461 370 aut

183 398 224 431 18
243 391 522 435 inconcinnus,
545 393 618 427 aut
639 388 794 427 multus
817 394 895 435 est,
915 391 950 427 is
970 391 1137 440 ineptus
1159 389 1320 428 dicitur.
1369 389 1460 430 Hoc

243 451 342 487 vitio
360 448 570 487 cumulata
588 453 652 486 est
670 448 946 487 eruditissima
961 448 1031 486 illa
1049 448 1300 488 Graecorum
1316 451 1430 488 natio
1448 462 1459 490 ε

243 511 386 560 itaque
414 509 526 560 quod
551 510 634 547 vim
660 507 780 547 huius
811 508 909 547 mali
937 509 1084 547 Graeci
1111 522 1194 548 non
1221 509 1378 556 vident,
1403 522 1457 549 ne

244 582 396 607 nomen
415 568 584 620 quidem
609 571 648 607 ei
673 571 772 607 vitio
796 571 1106 620 imposuerunt3
1134 574 1184 608 ut
1203 571 1313 608 enim
1331 583 1458 622 quae-

243 642 309 667 ras
334 631 485 675 omm‘a‚
505 628 711 680 quomodo
738 628 886 667 Graeci
909 631 1099 680 ineptum
1124 629 1351 681 appellent,
1374 643 1457 669 non

244 691 438 740 reperies.
494 689 692 727 Omnium
730 694 873 727 autem
910 691 1176 740 ineptiarum,
1215 703 1323 741 quae
1360 695 1459 730 sunt

244 749 579 795 innumerabiles,
602 748 715 787 haud
739 751 836 795 scio,
859 762 913 787 an
935 748 1048 787 nulla
1076 751 1131 788 sit
1153 752 1296 796 maior,
1319 763 1462 802 quam,

245 814 294 847 ut
314 808 373 847 illi
395 808 543 855 solent,
563 822 824 861 quocumque
853 811 896 847 in
923 808 1027 855 loco,
1046 822 1328 862 quoscumque
1350 812 1461 849 inter

243 868 430 908 homines
450 871 582 908 visum
602 874 680 915 est,
700 869 753 908 de
773 869 896 908 rebus
916 874 990 908 aut
1009 869 1265 916 difficillimis,
1285 875 1359 909 aut
1378 883 1460 909 non

243 931 496 975 necessariis,
520 931 781 981 argutissime
805 929 1029 981 disputare.
1085 929 1176 969 Hoc
1198 942 1272 969 nos
1295 930 1349 969 ab
1370 932 1460 969 istis

244 989 575 1028 adolescentibus
598 988 736 1029 facere
755 991 874 1028 inviti
894 995 939 1028 et
957 995 1196 1029 recusantes
1219 988 1309 1029 heri
1327 992 1459 1030 coacti

243 1063 396 1088 sumus.

183 1123 225 1156 19
294 1108 343 1147 V.
372 1109 478 1147 Tum
525 1108 696 1147 Catulus
716 1123 725 1148 ι
780 1108 844 1147 Ne
892 1108 1039 1147 Graeci
1086 1108 1269 1161 quidem,
1310 1111 1459 1162 inquit,

243 1169 404 1215 Crasse,
419 1171 490 1221 qui
509 1171 553 1207 in
573 1169 808 1207 civitatibus
829 1171 911 1207 suis
931 1168 1030 1208 clari
1050 1173 1095 1208 et
1113 1171 1254 1222 magni
1274 1168 1458 1216 fuerunt,

244 1231 364 1268 sicuti
387 1234 435 1267 tu
450 1242 508 1275 es,
528 1242 685 1281 nosque
712 1242 854 1267 omnes
879 1231 923 1267 in
947 1234 1089 1268 nostra
1112 1229 1323 1281 republica
1347 1229 1459 1269 volu-

244 1302 335 1328 mus
363 1302 467 1335 esse,
491 1288 638 1328 horum
665 1288 932 1336 Graecorum,
955 1291 1026 1341 qui
1051 1302 1097 1328 se
1119 1288 1328 1328 inculcant
1353 1292 1460 1329 auri-

244 1350 320 1388 bus
354 1352 518 1395 nostris,
547 1349 698 1388 similes
731 1347 915 1395 fuerunt,
947 1362 1025 1388 nec
1057 1351 1101 1387 in
1130 1351 1216 1388 otio
1249 1362 1458 1390 sermones

182 1413 227 1447 20
243 1408 490 1455 huiusmodi,
524 1409 909 1461 disputationesque
944 1407 1177 1461 fugiebant.
1222 1409 1284 1448 Ac
1316 1412 1350 1449 si
1381 1411 1458 1449 tibi

244 1469 450 1515 videntur,
479 1472 550 1521 qui
583 1471 796 1520 temporis,
825 1471 895 1520 qui
928 1469 1020 1515 loci,
1049 1471 1120 1521 qui
1152 1467 1365 1508 hominum
1395 1483 1459 1509 ra-

243 1532 400 1568 tionem
422 1542 505 1568 non
525 1528 698 1575 habent,
719 1531 866 1580 inepti,
888 1531 994 1568 sieut
1015 1529 1174 1568 debent
1194 1529 1338 1576 videri,
1359 1543 1458 1571 num

242 1590 415 1628 tandem
445 1594 519 1628 aut
547 1589 659 1628 locus
688 1588 754 1627 hic
784 1602 866 1627 non
895 1589 1067 1628 idoneus
1097 1588 1275 1636 videtur,
1302 1591 1347 1628 in
1375 1603 1457 1643 quo

242 1652 422 1701 porticus
451 1648 554 1688 haec
582 1651 685 1700 ipsa,
709 1649 779 1688 ubi
809 1648 1080 1695 ambulamus,
1101 1654 1146 1688 et
1172 1648 1393 1700 palaestra,
1413 1655 1458 1689 et

244 1715 309 1748 tot
330 1709 428 1748 locis
448 1711 663 1755 sessiones,
686 1711 1009 1761 gymnasiorum,
1033 1713 1078 1748 et
1104 1708 1355 1748 Graecorum
1377 1709 1457 1749 dis-

243 1771 508 1820 putationum
536 1771 777 1807 memoriam
807 1768 987 1821 quodam
1014 1768 1137 1807 modo
1166 1769 1457 1809 commovent?

244 1829 332 1868 Aut
352 1843 451 1867 num
470 1831 753 1880 importunum
772 1834 938 1880 tempus
960 1831 1003 1866 in
1022 1833 1142 1867 tanto
1162 1831 1261 1874 otio,
1282 1828 1393 1880 quod
1412 1835 1457 1869 et

294 1970 310 1985 ⁰
333 1964 511 2009 Originall
553 1964 725 2007 desig-ned
748 1965 804 1998 for
826 1964 988 2008 physical
1011 1966 1174 2003 exercise.
1190 1965 1251 1999 the
1270 1965 1459 2009 qymmm'a

247 2008 319 2042 had
337 2009 484 2043 become
499 2012 515 2042 t
541 2020 560 2043 e
575 2019 680 2043 scene
695 2009 737 2043 of
749 2008 899 2043 lectures
915 2019 962 2044 on
978 2008 1204 2052 philosophy.

247 2075 324 2110 210
