<?xml version="1.0" encoding="UTF-8"?>
<!DOCTYPE html PUBLIC "-//W3C//DTD XHTML 1.0 Transitional//EN"
    "http://www.w3.org/TR/xhtml1/DTD/xhtml1-transitional.dtd">
<html xmlns="http://www.w3.org/1999/xhtml" xml:lang="en" lang="en">
 <head>
  <title>
</title>
<meta http-equiv="Content-Type" content="text/html;charset=utf-8" />
  <meta name='ocr-system' content='tesseract 3.04.00' />
  <meta name='ocr-capabilities' content='ocr_page ocr_carea ocr_par ocr_line ocrx_word'/>
</head>
<body>
  <div class='ocr_page' id='page_1' title='image "./cicerodeoratore01ciceuoft_0228.png"; bbox 0 0 1560 2294; ppageno 0'>
   <div class='ocr_carea' id='block_1_1' title="bbox 593 509 1105 559">
    <p class='ocr_par' dir='ltr' id='par_1_1' title="bbox 593 509 1105 559">
     <span class='ocr_line' id='line_1_1' title="bbox 593 509 1105 559; baseline 0.002 -1"><span class='ocrx_word' id='word_1_1' title='bbox 593 509 700 558; x_wconf 89' lang='lat' dir='ltr'><strong>DE</strong></span> <span class='ocrx_word' id='word_1_2' title='bbox 739 509 1105 559; x_wconf 83' lang='lat' dir='ltr'><strong>ORATORE</strong></span> 
     </span>
    </p>
   </div>
   <div class='ocr_carea' id='block_1_2' title="bbox 374 642 1324 685">
    <p class='ocr_par' dir='ltr' id='par_1_2' title="bbox 374 642 1324 685">
     <span class='ocr_line' id='line_1_2' title="bbox 374 642 1324 685; baseline 0.003 -3"><span class='ocrx_word' id='word_1_3' title='bbox 374 642 668 683; x_wconf 93' lang='lat' dir='ltr'>DIALOGUS</span> <span class='ocrx_word' id='word_1_4' title='bbox 696 642 803 682; x_wconf 91' lang='lat' dir='ltr'><strong>SEU</strong></span> <span class='ocrx_word' id='word_1_5' title='bbox 832 642 1000 681; x_wconf 88' lang='lat' dir='ltr'><strong>LIBER</strong></span> <span class='ocrx_word' id='word_1_6' title='bbox 1027 642 1324 685; x_wconf 92' lang='lat' dir='ltr'>SECUNDUS</span> 
     </span>
    </p>
   </div>
   <div class='ocr_carea' id='block_1_3' title="bbox 195 747 1454 2033">
    <p class='ocr_par' dir='ltr' id='par_1_3' title="bbox 203 747 1454 1648">
     <span class='ocr_line' id='line_1_3' title="bbox 203 747 1454 801; baseline 0.001 -12"><span class='ocrx_word' id='word_1_7' title='bbox 203 754 224 789; x_wconf 91' lang='lat'>1</span> <span class='ocrx_word' id='word_1_8' title='bbox 295 748 328 788; x_wconf 86' lang='lat' dir='ltr'><strong>I.</strong></span> <span class='ocrx_word' id='word_1_9' title='bbox 359 748 518 801; x_wconf 87' lang='lat' dir='ltr'><strong>Magna</strong></span> <span class='ocrx_word' id='word_1_10' title='bbox 540 749 657 787; x_wconf 85' lang='lat' dir='ltr'><strong>nobis</strong></span> <span class='ocrx_word' id='word_1_11' title='bbox 679 750 832 800; x_wconf 90' lang='lat' dir='ltr'><strong>pueris,</strong></span> <span class='ocrx_word' id='word_1_12' title='bbox 856 747 1011 796; x_wconf 85' lang='lat' dir='ltr'><strong>Quinte</strong></span> <span class='ocrx_word' id='word_1_13' title='bbox 1034 747 1178 796; x_wconf 89' lang='lat' dir='ltr'><strong>frater,</strong></span> <span class='ocrx_word' id='word_1_14' title='bbox 1200 751 1234 788; x_wconf 91' lang='lat' dir='ltr'><strong>si</strong></span> <span class='ocrx_word' id='word_1_15' title='bbox 1256 753 1454 790; x_wconf 82' lang='lat' dir='ltr'><strong>memoria</strong></span> 
     </span>
     <span class='ocr_line' id='line_1_4' title="bbox 242 824 1453 879; baseline 0.002 -15"><span class='ocrx_word' id='word_1_16' title='bbox 242 831 376 872; x_wconf 89' lang='lat' dir='ltr'><strong>tenes,</strong></span> <span class='ocrx_word' id='word_1_17' title='bbox 395 827 532 877; x_wconf 91' lang='lat' dir='ltr'><strong>opinio</strong></span> <span class='ocrx_word' id='word_1_18' title='bbox 550 824 644 871; x_wconf 88' lang='lat' dir='ltr'><strong>fuit,</strong></span> <span class='ocrx_word' id='word_1_19' title='bbox 664 824 712 863; x_wconf 91' lang='lat' dir='ltr'><strong>L.</strong></span> <span class='ocrx_word' id='word_1_20' title='bbox 733 824 924 863; x_wconf 87' lang='lat' dir='ltr'>Crassum</span> <span class='ocrx_word' id='word_1_21' title='bbox 943 838 1026 863; x_wconf 92' lang='lat' dir='ltr'><strong>non</strong></span> <span class='ocrx_word' id='word_1_22' title='bbox 1042 825 1134 877; x_wconf 91' lang='lat' dir='ltr'><strong>plus</strong></span> <span class='ocrx_word' id='word_1_23' title='bbox 1154 828 1341 879; x_wconf 80' lang='lat' dir='ltr'><strong>attigisse</strong></span> <span class='ocrx_word' id='word_1_24' title='bbox 1359 827 1453 867; x_wconf 89' lang='lat' dir='ltr'><strong>doc-</strong></span> 
     </span>
     <span class='ocr_line' id='line_1_5' title="bbox 241 902 1452 955; baseline 0.002 -14"><span class='ocrx_word' id='word_1_25' title='bbox 241 906 389 949; x_wconf 81' lang='lat' dir='ltr'><strong>trinae,</strong></span> <span class='ocrx_word' id='word_1_26' title='bbox 412 916 537 955; x_wconf 89' lang='lat' dir='ltr'><strong>quam</strong></span> <span class='ocrx_word' id='word_1_27' title='bbox 559 908 763 955; x_wconf 89' lang='lat' dir='ltr'><strong>quantum</strong></span> <span class='ocrx_word' id='word_1_28' title='bbox 782 904 916 954; x_wconf 91' lang='lat' dir='ltr'><strong>prima</strong></span> <span class='ocrx_word' id='word_1_29' title='bbox 936 902 1005 940; x_wconf 91' lang='lat' dir='ltr'><strong>illa</strong></span> <span class='ocrx_word' id='word_1_30' title='bbox 1025 903 1172 954; x_wconf 92' lang='lat' dir='ltr'><strong>puerili</strong></span> <span class='ocrx_word' id='word_1_31' title='bbox 1192 905 1452 944; x_wconf 90' lang='lat' dir='ltr'><strong>institutione</strong></span> 
     </span>
     <span class='ocr_line' id='line_1_6' title="bbox 240 979 1453 1032; baseline 0.002 -13"><span class='ocrx_word' id='word_1_32' title='bbox 240 983 465 1032; x_wconf 70' lang='lat' dir='ltr'><strong>potuisset-,3</strong></span> <span class='ocrx_word' id='word_1_33' title='bbox 494 979 555 1018; x_wconf 91' lang='lat' dir='ltr'><strong>M.</strong></span> <span class='ocrx_word' id='word_1_34' title='bbox 577 985 719 1018; x_wconf 88' lang='lat' dir='ltr'><strong>autem</strong></span> <span class='ocrx_word' id='word_1_35' title='bbox 739 979 968 1018; x_wconf 89' lang='lat' dir='ltr'><strong>Antonium</strong></span> <span class='ocrx_word' id='word_1_36' title='bbox 984 982 1149 1018; x_wconf 89' lang='lat' dir='ltr'><strong>omnino</strong></span> <span class='ocrx_word' id='word_1_37' title='bbox 1169 983 1299 1019; x_wconf 92' lang='lat' dir='ltr'><strong>omnis</strong></span> <span class='ocrx_word' id='word_1_38' title='bbox 1319 981 1453 1021; x_wconf 90' lang='lat' dir='ltr'><strong>erudi-</strong></span> 
     </span>
     <span class='ocr_line' id='line_1_7' title="bbox 240 1055 1450 1111; baseline 0.002 -15"><span class='ocrx_word' id='word_1_39' title='bbox 240 1060 363 1096; x_wconf 84' lang='lat' dir='ltr'><strong>tionis</strong></span> <span class='ocrx_word' id='word_1_40' title='bbox 401 1062 618 1109; x_wconf 87' lang='lat' dir='ltr'><strong>expertem</strong></span> <span class='ocrx_word' id='word_1_41' title='bbox 655 1061 782 1109; x_wconf 87' lang='lat' dir='ltr'><strong>atque</strong></span> <span class='ocrx_word' id='word_1_42' title='bbox 819 1059 1008 1109; x_wconf 88' lang='lat' dir='ltr'><strong>ignarum</strong></span> <span class='ocrx_word' id='word_1_43' title='bbox 1044 1055 1184 1096; x_wconf 90' lang='lat' dir='ltr'><strong>fuisse.</strong></span> <span class='ocrx_word' id='word_1_44' title='bbox 1237 1057 1450 1111; x_wconf 84' lang='lat' dir='ltr'><strong>Erantque</strong></span> 
     </span>
     <span class='ocr_line' id='line_1_8' title="bbox 239 1133 1450 1186; baseline 0.002 -14"><span class='ocrx_word' id='word_1_45' title='bbox 239 1134 359 1173; x_wconf 90' lang='lat' dir='ltr'><strong>multi</strong></span> <span class='ocrx_word' id='word_1_46' title='bbox 382 1137 466 1186; x_wconf 92' lang='lat' dir='ltr'><strong>qui,</strong></span> <span class='ocrx_word' id='word_1_47' title='bbox 490 1147 727 1186; x_wconf 88' lang='lat' dir='ltr'>quanquam</span> <span class='ocrx_word' id='word_1_48' title='bbox 753 1147 836 1172; x_wconf 93' lang='lat' dir='ltr'><strong>non</strong></span> <span class='ocrx_word' id='word_1_49' title='bbox 857 1136 918 1172; x_wconf 91' lang='lat' dir='ltr'><strong>ita</strong></span> <span class='ocrx_word' id='word_1_50' title='bbox 939 1146 1029 1172; x_wconf 91' lang='lat' dir='ltr'><strong>sese</strong></span> <span class='ocrx_word' id='word_1_51' title='bbox 1055 1147 1144 1173; x_wconf 91' lang='lat' dir='ltr'><strong>rem</strong></span> <span class='ocrx_word' id='word_1_52' title='bbox 1165 1133 1319 1174; x_wconf 87' lang='lat' dir='ltr'><strong>habere</strong></span> <span class='ocrx_word' id='word_1_53' title='bbox 1346 1136 1450 1175; x_wconf 89' lang='lat' dir='ltr'><strong>arbi-</strong></span> 
     </span>
     <span class='ocr_line' id='line_1_9' title="bbox 239 1209 1450 1263; baseline 0.001 -12"><span class='ocrx_word' id='word_1_54' title='bbox 239 1217 462 1258; x_wconf 89' lang='lat' dir='ltr'><strong>trarentur,</strong></span> <span class='ocrx_word' id='word_1_55' title='bbox 495 1216 651 1257; x_wconf 88' lang='lat' dir='ltr'><strong>tamen,</strong></span> <span class='ocrx_word' id='word_1_56' title='bbox 685 1224 767 1263; x_wconf 94' lang='lat' dir='ltr'><strong>quo</strong></span> <span class='ocrx_word' id='word_1_57' title='bbox 799 1209 956 1249; x_wconf 85' lang='lat' dir='ltr'><strong>facilius</strong></span> <span class='ocrx_word' id='word_1_58' title='bbox 989 1224 1063 1250; x_wconf 89' lang='lat' dir='ltr'><strong>nos</strong></span> <span class='ocrx_word' id='word_1_59' title='bbox 1094 1213 1281 1250; x_wconf 90' lang='lat' dir='ltr'><strong>incensos</strong></span> <span class='ocrx_word' id='word_1_60' title='bbox 1313 1212 1450 1252; x_wconf 85' lang='lat' dir='ltr'><strong>studio</strong></span> 
     </span>
     <span class='ocr_line' id='line_1_10' title="bbox 237 1287 1450 1341; baseline 0.001 -13"><span class='ocrx_word' id='word_1_61' title='bbox 237 1288 402 1328; x_wconf 89' lang='lat' dir='ltr'><strong>dicendi</strong></span> <span class='ocrx_word' id='word_1_62' title='bbox 421 1302 446 1327; x_wconf 91' lang='lat' dir='ltr'><strong>a</strong></span> <span class='ocrx_word' id='word_1_63' title='bbox 464 1288 651 1327; x_wconf 88' lang='lat' dir='ltr'><strong>doctrina</strong></span> <span class='ocrx_word' id='word_1_64' title='bbox 670 1288 944 1334; x_wconf 85' lang='lat' dir='ltr'><strong>deterrerent,</strong></span> <span class='ocrx_word' id='word_1_65' title='bbox 963 1287 1142 1327; x_wconf 87' lang='lat' dir='ltr'><strong>libenter</strong></span> <span class='ocrx_word' id='word_1_66' title='bbox 1159 1288 1203 1327; x_wconf 92' lang='lat' dir='ltr'><strong>id</strong></span> <span class='ocrx_word' id='word_1_67' title='bbox 1221 1289 1333 1341; x_wconf 90' lang='lat' dir='ltr'><strong>quod</strong></span> <span class='ocrx_word' id='word_1_68' title='bbox 1350 1289 1450 1338; x_wconf 87' lang='lat' dir='ltr'><strong>dixi,</strong></span> 
     </span>
     <span class='ocr_line' id='line_1_11' title="bbox 237 1364 1449 1416; baseline 0.001 -11"><span class='ocrx_word' id='word_1_69' title='bbox 237 1366 290 1405; x_wconf 91' lang='lat' dir='ltr'><strong>de</strong></span> <span class='ocrx_word' id='word_1_70' title='bbox 317 1366 394 1404; x_wconf 86' lang='lat' dir='ltr'><strong>sslis</strong></span> <span class='ocrx_word' id='word_1_71' title='bbox 422 1365 651 1404; x_wconf 88' lang='lat' dir='ltr'><strong>oratoribus</strong></span> <span class='ocrx_word' id='word_1_72' title='bbox 677 1365 979 1416; x_wconf 88' lang='lat' dir='ltr'><strong>praedicarent,</strong></span> <span class='ocrx_word' id='word_1_73' title='bbox 1006 1370 1068 1412; x_wconf 89' lang='lat' dir='ltr'><strong>ut,</strong></span> <span class='ocrx_word' id='word_1_74' title='bbox 1095 1367 1129 1404; x_wconf 93' lang='lat' dir='ltr'><strong>si</strong></span> <span class='ocrx_word' id='word_1_75' title='bbox 1155 1364 1340 1405; x_wconf 89' lang='lat' dir='ltr'><strong>homines</strong></span> <span class='ocrx_word' id='word_1_76' title='bbox 1366 1381 1449 1406; x_wconf 93' lang='lat' dir='ltr'><strong>non</strong></span> 
     </span>
     <span class='ocr_line' id='line_1_12' title="bbox 237 1442 1449 1495; baseline 0.002 -13"><span class='ocrx_word' id='word_1_77' title='bbox 237 1443 388 1482; x_wconf 90' lang='lat' dir='ltr'><strong>eruditi</strong></span> <span class='ocrx_word' id='word_1_78' title='bbox 419 1456 623 1481; x_wconf 91' lang='lat' dir='ltr'><strong>summam</strong></span> <span class='ocrx_word' id='word_1_79' title='bbox 655 1447 794 1481; x_wconf 89' lang='lat' dir='ltr'><strong>essent</strong></span> <span class='ocrx_word' id='word_1_80' title='bbox 823 1442 1088 1493; x_wconf 87' lang='lat' dir='ltr'><strong>prudentiam</strong></span> <span class='ocrx_word' id='word_1_81' title='bbox 1119 1448 1247 1495; x_wconf 85' lang='lat' dir='ltr'><strong>atque</strong></span> <span class='ocrx_word' id='word_1_82' title='bbox 1277 1444 1449 1484; x_wconf 86' lang='lat' dir='ltr'><strong>incredi-</strong></span> 
     </span>
     <span class='ocr_line' id='line_1_13' title="bbox 235 1520 1446 1572; baseline 0.001 -13"><span class='ocrx_word' id='word_1_83' title='bbox 235 1520 360 1559; x_wconf 89' lang='lat' dir='ltr'><strong>bilem</strong></span> <span class='ocrx_word' id='word_1_84' title='bbox 377 1520 656 1572; x_wconf 86' lang='lat' dir='ltr'><strong>eloquentiam</strong></span> <span class='ocrx_word' id='word_1_85' title='bbox 672 1521 895 1565; x_wconf 87' lang='lat' dir='ltr'><strong>consecuti,</strong></span> <span class='ocrx_word' id='word_1_86' title='bbox 910 1521 1041 1557; x_wconf 85' lang='lat' dir='ltr'><strong>inanis</strong></span> <span class='ocrx_word' id='word_1_87' title='bbox 1057 1522 1187 1558; x_wconf 92' lang='lat' dir='ltr'><strong>omnis</strong></span> <span class='ocrx_word' id='word_1_88' title='bbox 1203 1526 1343 1559; x_wconf 89' lang='lat' dir='ltr'><strong>noster</strong></span> <span class='ocrx_word' id='word_1_89' title='bbox 1358 1534 1446 1560; x_wconf 91' lang='lat' dir='ltr'><strong>esse</strong></span> 
     </span>
     <span class='ocr_line' id='line_1_14' title="bbox 234 1596 1446 1648; baseline 0 -12"><span class='ocrx_word' id='word_1_90' title='bbox 234 1598 362 1644; x_wconf 90' lang='lat' dir='ltr'><strong>labor,</strong></span> <span class='ocrx_word' id='word_1_91' title='bbox 390 1602 435 1636; x_wconf 92' lang='lat' dir='ltr'><strong>et</strong></span> <span class='ocrx_word' id='word_1_92' title='bbox 460 1597 635 1636; x_wconf 91' lang='lat' dir='ltr'><strong>stultum</strong></span> <span class='ocrx_word' id='word_1_93' title='bbox 660 1598 704 1634; x_wconf 91' lang='lat' dir='ltr'><strong>in</strong></span> <span class='ocrx_word' id='word_1_94' title='bbox 729 1596 846 1635; x_wconf 93' lang='lat' dir='ltr'><strong>nobis</strong></span> <span class='ocrx_word' id='word_1_95' title='bbox 874 1596 1122 1642; x_wconf 89' lang='lat' dir='ltr'><strong>erudiendis,</strong></span> <span class='ocrx_word' id='word_1_96' title='bbox 1149 1599 1277 1648; x_wconf 88' lang='lat' dir='ltr'><strong>patris</strong></span> <span class='ocrx_word' id='word_1_97' title='bbox 1305 1601 1446 1644; x_wconf 89' lang='lat' dir='ltr'><strong>nostri,</strong></span> 
     </span>
    </p>

    <p class='ocr_par' dir='ltr' id='par_1_4' title="bbox 195 1673 1446 2033">
     <span class='ocr_line' id='line_1_15' title="bbox 195 1673 1444 1726; baseline 0.001 -13"><span class='ocrx_word' id='word_1_98' title='bbox 195 1687 216 1720; x_wconf 86' lang='lat'><strong>2</strong></span> <span class='ocrx_word' id='word_1_99' title='bbox 234 1676 379 1726; x_wconf 91' lang='lat' dir='ltr'><strong>optimi</strong></span> <span class='ocrx_word' id='word_1_100' title='bbox 395 1688 442 1713; x_wconf 88' lang='lat' dir='ltr'><strong>ac</strong></span> <span class='ocrx_word' id='word_1_101' title='bbox 456 1674 765 1726; x_wconf 90' lang='lat' dir='ltr'><strong>prudentissimi</strong></span> <span class='ocrx_word' id='word_1_102' title='bbox 780 1675 868 1719; x_wconf 90' lang='lat' dir='ltr'><strong>viri,</strong></span> <span class='ocrx_word' id='word_1_103' title='bbox 884 1673 1066 1711; x_wconf 88' lang='lat' dir='ltr'><strong>studium</strong></span> <span class='ocrx_word' id='word_1_104' title='bbox 1082 1673 1303 1712; x_wconf 86' lang='lat' dir='ltr'><strong>videretur.</strong></span> <span class='ocrx_word' id='word_1_105' title='bbox 1333 1674 1444 1723; x_wconf 85' lang='lat' dir='ltr'><strong>Quos</strong></span> 
     </span>
     <span class='ocr_line' id='line_1_16' title="bbox 234 1749 1446 1803; baseline 0.001 -13"><span class='ocrx_word' id='word_1_106' title='bbox 234 1757 338 1798; x_wconf 91' lang='lat' dir='ltr'><strong>tum,</strong></span> <span class='ocrx_word' id='word_1_107' title='bbox 363 1757 410 1790; x_wconf 92' lang='lat' dir='ltr'><strong>ut</strong></span> <span class='ocrx_word' id='word_1_108' title='bbox 434 1753 566 1803; x_wconf 89' lang='lat' dir='ltr'><strong>pueri,</strong></span> <span class='ocrx_word' id='word_1_109' title='bbox 590 1749 772 1789; x_wconf 89' lang='lat' dir='ltr'><strong>refutare</strong></span> <span class='ocrx_word' id='word_1_110' title='bbox 798 1750 1031 1789; x_wconf 87' lang='lat' dir='ltr'><strong>domesticis</strong></span> <span class='ocrx_word' id='word_1_111' title='bbox 1056 1751 1233 1789; x_wconf 89' lang='lat' dir='ltr'><strong>testibus</strong></span> <span class='ocrx_word' id='word_1_112' title='bbox 1256 1756 1376 1803; x_wconf 82' lang='lat' dir='ltr'><strong>patre</strong></span> <span class='ocrx_word' id='word_1_113' title='bbox 1401 1757 1446 1791; x_wconf 83' lang='lat' dir='ltr'><strong>et</strong></span> 
     </span>
     <span class='ocr_line' id='line_1_17' title="bbox 233 1826 1445 1879; baseline 0.001 -13"><span class='ocrx_word' id='word_1_114' title='bbox 233 1827 279 1867; x_wconf 88' lang='lat' dir='ltr'><strong>C.</strong></span> <span class='ocrx_word' id='word_1_115' title='bbox 301 1828 511 1867; x_wconf 89' lang='lat' dir='ltr'><strong>Aculeone</strong></span> <span class='ocrx_word' id='word_1_116' title='bbox 532 1830 762 1879; x_wconf 90' lang='lat' dir='ltr'><strong>propinquo</strong></span> <span class='ocrx_word' id='word_1_117' title='bbox 783 1832 922 1865; x_wconf 88' lang='lat' dir='ltr'><strong>nostro</strong></span> <span class='ocrx_word' id='word_1_118' title='bbox 947 1832 991 1865; x_wconf 88' lang='lat' dir='ltr'><strong>et</strong></span> <span class='ocrx_word' id='word_1_119' title='bbox 1012 1826 1059 1865; x_wconf 93' lang='lat' dir='ltr'><strong>L.</strong></span> <span class='ocrx_word' id='word_1_120' title='bbox 1081 1826 1277 1866; x_wconf 88' lang='lat' dir='ltr'><strong>Cicerone</strong></span> <span class='ocrx_word' id='word_1_121' title='bbox 1296 1833 1445 1879; x_wconf 88' lang='lat' dir='ltr'><strong>patruo</strong></span> 
     </span>
     <span class='ocr_line' id='line_1_18' title="bbox 232 1903 1444 1956; baseline 0 -12"><span class='ocrx_word' id='word_1_122' title='bbox 232 1905 478 1951; x_wconf 85' lang='lat' dir='ltr'><strong>solebamus,</strong></span> <span class='ocrx_word' id='word_1_123' title='bbox 497 1904 608 1956; x_wconf 89' lang='lat' dir='ltr'><strong>quod</strong></span> <span class='ocrx_word' id='word_1_124' title='bbox 626 1904 679 1943; x_wconf 92' lang='lat' dir='ltr'><strong>de</strong></span> <span class='ocrx_word' id='word_1_125' title='bbox 698 1903 843 1942; x_wconf 88' lang='lat' dir='ltr'><strong>Crasso</strong></span> <span class='ocrx_word' id='word_1_126' title='bbox 861 1909 995 1955; x_wconf 89' lang='lat' dir='ltr'><strong>pater,</strong></span> <span class='ocrx_word' id='word_1_127' title='bbox 1014 1909 1058 1942; x_wconf 89' lang='lat' dir='ltr'><strong>et</strong></span> <span class='ocrx_word' id='word_1_128' title='bbox 1076 1903 1232 1943; x_wconf 85' lang='lat' dir='ltr'><strong>Aculeo</strong></span> <span class='ocrx_word' id='word_1_129' title='bbox 1251 1904 1444 1956; x_wconf 90' lang='lat' dir='ltr'><strong>(quocum</strong></span> 
     </span>
     <span class='ocr_line' id='line_1_19' title="bbox 232 1979 1444 2033; baseline -0.001 -12"><span class='ocrx_word' id='word_1_130' title='bbox 232 1987 322 2021; x_wconf 89' lang='lat' dir='ltr'><strong>erat</strong></span> <span class='ocrx_word' id='word_1_131' title='bbox 360 1987 500 2020; x_wconf 88' lang='lat' dir='ltr'><strong>nostra</strong></span> <span class='ocrx_word' id='word_1_132' title='bbox 539 1980 797 2033; x_wconf 88' lang='lat' dir='ltr'><strong>matertera),</strong></span> <span class='ocrx_word' id='word_1_133' title='bbox 836 1994 961 2033; x_wconf 90' lang='lat' dir='ltr'><strong>quem</strong></span> <span class='ocrx_word' id='word_1_134' title='bbox 1000 1979 1167 2019; x_wconf 90' lang='lat' dir='ltr'><strong>Crassus</strong></span> <span class='ocrx_word' id='word_1_135' title='bbox 1206 1980 1352 2020; x_wconf 88' lang='lat' dir='ltr'><strong>dilexit</strong></span> <span class='ocrx_word' id='word_1_136' title='bbox 1391 1994 1444 2020; x_wconf 84' lang='lat' dir='ltr'><strong>ex</strong></span> 
     </span>
    </p>
   </div>
   <div class='ocr_carea' id='block_1_4' title="bbox 233 2063 306 2106">
    <p class='ocr_par' dir='ltr' id='par_1_5' title="bbox 233 2063 306 2106">
     <span class='ocr_line' id='line_1_20' title="bbox 233 2063 306 2106; baseline 0.014 -7"><span class='ocrx_word' id='word_1_137' title='bbox 233 2063 306 2106; x_wconf 90' lang='lat'><strong>196</strong></span> 
     </span>
    </p>
   </div>
  </div>
 </body>
</html>
