1560 2294
725 100 930 140 CICERO

219 207 262 244 in
287 205 482 244 tribunali
508 204 559 253 Q.
587 204 787 256 Pompeii,
813 207 1014 257 praetoris
1039 205 1200 251 urbani,
1224 204 1434 244 familiaris

220 271 362 314 nostri,
385 268 639 314 sedentibus,
662 267 784 307 homo
808 281 859 306 ex
882 281 1053 306 numero
1075 268 1322 306 disertorum
1342 281 1435 319 pos-

219 330 396 377 tulabat,
422 336 470 369 ut
494 330 565 376 illi,
591 331 702 369 unde
726 336 956 382 peteretur,
982 336 1101 369 vetus
1127 336 1255 382 atque
1280 333 1435 370 usitata

222 396 412 445 exceptio
429 393 611 439 daretur,
629 393 755 431 Culus
773 406 972 432 PECUNIAE
990 405 1078 431 oms
1095 405 1259 432 rmssu'r
1277 393 1293 431 ?
1324 393 1435 444 quod

221 458 409 507 petitoris
438 469 561 494 causa
589 461 872 507 comparatum
902 468 1005 502 esse,
1029 469 1112 494 non
1137 455 1434 508 intellegebat:

223 524 284 564 ut,
301 521 334 556 si
350 518 417 557 ille
434 518 634 556 infitiator
653 518 869 570 probasset
887 518 1011 556 iudici
1032 523 1130 557 ante
1150 520 1328 570 petitam
1345 531 1434 557 esse

223 584 440 632 pecuniam
469 594 594 632 quam
624 586 735 619 esset
757 586 906 632 coepta
928 581 1085 627 deberi,
1107 583 1276 632 petitor,
1298 594 1435 620 rursus

224 657 318 682 cum
333 649 513 695 peteret,
529 656 582 682 ne
598 645 843 695 exceptione
860 642 1162 689 excluderetur,
1176 656 1284 686 ouon
1297 656 1347 681 m
1361 655 1434 682 aas

143 721 205 753 109
225 719 268 744 IN
302 718 496 745 mmcnm
530 719 662 744 ANTEA
696 718 897 744 vnmssn'r.
958 705 1069 754 Quid
1104 719 1202 758 ergo
1236 705 1314 745 hoc
1348 705 1434 744 fieri

224 772 398 821 turpius,
427 775 500 808 aut
529 769 608 808 dici
635 774 790 821 potest,
819 782 945 821 quam
974 782 1084 815 eum,
1113 771 1183 821 qui
1211 768 1316 807 hanc
1343 782 1436 821 per-

224 846 365 871 sonam
387 834 627 883 susceperit,
648 837 696 870 ut
717 834 939 870 amicorum
960 834 1255 870 controversias
1275 845 1435 871 causas-

223 909 304 947 que
321 901 503 940 tueatur,
518 894 799 933 laborantibus
816 900 1038 940 succurrat,
1056 897 1188 946 aegris
1203 894 1435 940 medeatur,

222 958 390 997 afflictos
408 960 577 1003 excitet,
593 957 701 996 hunc
715 960 758 995 in
773 959 950 996 minimis
966 959 1298 1009 tenuissimisque
1313 958 1435 996 rebus

223 1024 283 1060 ita
317 1021 413 1067 labi,
448 1026 497 1059 ut
532 1020 619 1059 aliis
653 1020 923 1066 miserandus,
959 1020 1046 1058 aliis
1080 1020 1310 1059 irridendus
1345 1033 1434 1059 esse

223 1084 412 1122 videatur
430 1084 446 1122 ?

141 1157 205 1190 170
275 1145 481 1198 Equidem
503 1148 779 1197 propinquum
801 1150 1001 1191 nostrum,
1024 1144 1069 1183 P.
1094 1144 1299 1191 Crassum,
1322 1145 1435 1184 illum

225 1209 424 1254 Divitem,
443 1221 538 1247 cum
557 1207 696 1246 multis
718 1207 804 1246 aliis
824 1208 947 1246 rebus
968 1207 1205 1260 elegantem
1227 1207 1435 1247 hominem

224 1277 269 1310 et
301 1276 507 1318 ornatum,
540 1276 631 1309 tum
663 1273 884 1322 praecipue
917 1273 960 1308 in
993 1269 1069 1309 hoc
1105 1269 1358 1309 efferendum
1391 1276 1436 1309 et

223 1334 475 1372 laudandum
517 1339 634 1385 puto,
678 1333 802 1386 quod,
844 1346 938 1372 cum
981 1332 1026 1371 P.
1071 1332 1266 1371 Scaevola
1307 1332 1436 1372 frater

226 1402 349 1443 esset,
374 1396 516 1435 solitus
542 1402 606 1435 est
632 1398 669 1435 ei
693 1409 894 1448 persaepe
919 1395 1070 1442 dicere,
1095 1409 1230 1448 neque
1255 1395 1369 1434 illum
1392 1398 1434 1434 in

224 1462 312 1498 iure
346 1459 451 1498 civili
489 1461 588 1498 satis
621 1459 678 1497 illi
717 1461 795 1497 arti
828 1457 964 1497 facere
998 1471 1132 1510 posse,
1163 1460 1240 1497 nisi
1272 1458 1433 1497 dicendi

225 1525 384 1574 copiam
411 1521 862 1574 assumpsisset—quod
885 1521 1053 1573 quidem
1076 1520 1155 1567 hic,
1179 1523 1249 1573 qui
1272 1534 1434 1560 mecum

225 1585 364 1624 consul
395 1584 488 1631 fuit,
517 1585 621 1623 filius
653 1586 753 1631 eius,
779 1589 843 1623 est
869 1589 1186 1630 consecutus—3
1227 1597 1364 1636 neque
1389 1597 1434 1623 se

226 1654 323 1687 ante
344 1661 486 1686 causas
507 1650 728 1686 amicorum
749 1652 927 1686 tractare
949 1652 1075 1698 atque
1097 1659 1221 1699 agere
1237 1649 1434 1698 coepisse,

226 1725 350 1763 quam
369 1713 431 1749 ius
451 1711 567 1749 civile
587 1710 808 1749 didicisset.

143 1791 203 1824 171
277 1773 387 1821 Quid
420 1787 515 1812 vero
548 1773 615 1811 ille
652 1773 711 1811 M.
747 1772 885 1811 Cato?
941 1772 1086 1811 Nonne
1121 1777 1165 1810 et
1198 1771 1434 1824 eloquentia

226 1842 344 1874 tanta
365 1834 458 1881 fuit,
481 1841 680 1887 quantam
701 1835 770 1873 illa
792 1841 993 1886 tempora,
1017 1840 1143 1886 atque
1165 1833 1234 1872 illa
1255 1839 1370 1873 aetas
1391 1837 1434 1873 in

226 1899 301 1937 hac
332 1901 499 1936 civitate
531 1897 638 1936 ferre
670 1901 892 1936 maximam
924 1900 1075 1948 potuit,
1107 1902 1151 1935 et
1182 1899 1279 1935 iuris
1310 1896 1433 1936 civilis

751 1995 766 2010 ⁸
789 1992 832 2024 95
849 2000 915 2024 mc-

229 2057 302 2092 116
