1560 2294
751 94 956 135 CICERO

246 199 406 252 digesta
447 202 679 252 generatim
718 205 1026 251 componerent.
1082 199 1192 238 Nihil
1230 205 1296 240 est
1333 202 1457 247 enim,

246 266 358 319 quod
383 266 437 305 ad
462 272 596 305 artem
621 266 754 319 redigi
778 269 921 318 possit,
947 269 1024 305 nisi
1048 266 1117 306 ille
1141 269 1268 319 prius,
1294 270 1364 320 qui
1388 267 1458 306 illa

246 339 380 380 tenet,
412 348 586 386 quorum
617 340 750 373 artem
781 336 998 373 instituere
1029 334 1131 381 vult,
1161 333 1316 373 habeat
1345 334 1458 374 illam

247 403 475 447 scientiam,
499 407 546 440 ut
573 414 624 440 ex
651 404 709 440 eis
735 402 872 448 rebus,
893 415 1066 454 quarum
1092 415 1156 440 ars
1182 402 1365 441 nondum
1389 405 1457 451 sit,

162 479 227 512 187
247 474 380 507 artem
423 469 583 507 efficere
626 472 767 520 possit.
823 469 914 508 Hoc
957 469 1091 515 video,
1135 469 1234 508 dum
1276 469 1458 508 breviter

246 536 443 575 voluerim
467 536 617 582 dicere,
642 536 798 575 dictum
822 550 847 574 a
869 550 937 575 me
961 549 1051 575 esse
1074 536 1196 588 paulo
1220 537 1455 578 obscurius:

246 604 319 642 sed
339 606 540 655 experiar,
561 609 605 642 et
624 604 772 650 dicam,
790 606 823 642 si
841 609 1002 655 potero,
1020 603 1192 655 planius.

297 670 431 709 XLII.
461 671 612 710 Omnia
623 670 725 717 fere,
738 685 845 723 quae
858 677 955 710 sunt
967 671 1155 710 conclusa
1167 685 1275 710 nunc
1287 673 1457 718 artibus,

246 738 430 790 dispersa
444 744 488 778 et
502 738 700 790 dissipata
714 739 922 790 quondam
936 738 1106 777 fuerunt
1124 753 1134 778 z
1162 741 1267 778 utin
1279 742 1456 786 musicis,

246 808 421 852 numeri,
437 811 482 845 et
496 819 630 852 voces,
647 811 691 845 et
706 806 817 844 modi
835 819 845 852 余
875 809 918 844 in
933 808 1176 858 geometria,
1190 806 1456 853 lineamenta,

247 872 418 920 formae,
433 873 663 919 intervalla,
679 874 986 926 magnitudines
1005 887 1015 919 余
1046 876 1088 912 in
1105 873 1338 926 astrologia,
1354 874 1456 913 caeli

247 943 470 987 conversio,
487 947 615 987 ortus,
633 941 769 980 obitus
786 947 1006 993 motusque
1024 941 1204 980 siderum
1222 953 1233 987 余
1263 943 1307 980 in
1322 955 1457 994 gram-

247 1011 421 1054 maticis,
441 1013 660 1060 poetarum
679 1011 962 1059 pertractatio,
983 1008 1243 1047 historiarum
1263 1011 1456 1061 cognitio,

248 1076 465 1114 verborum
483 1078 788 1127 interpretatio,
807 1076 1100 1128 pronuntiandi
1119 1076 1287 1128 quidam
1307 1090 1428 1116 sonus
1445 1089 1457 1123 余

248 1145 291 1181 in
313 1142 390 1181 hac
414 1143 593 1195 denique
618 1145 708 1195 ipsa
730 1146 890 1182 ratione
917 1143 1094 1190 dicendi,
1119 1146 1369 1196 excogitare,
1394 1157 1458 1183 or-

249 1224 363 1256 nare,
383 1210 615 1261 disponere,
634 1213 884 1257 meminisse,
904 1224 1028 1263 agere
1047 1223 1057 1257 3
1085 1213 1229 1263 ignota
1249 1211 1456 1263 quondam

168 1292 231 1326 183
249 1278 451 1324 omnibus,
483 1283 527 1316 et
558 1277 704 1316 diffusa
733 1278 819 1317 late
850 1278 1108 1317 videbantur.
1162 1278 1362 1318 Adhibita
1393 1284 1458 1319 est

247 1348 374 1397 igitur
399 1358 462 1384 ars
488 1345 694 1397 quaedam
719 1348 973 1384 extrinsecus
999 1359 1051 1384 ex
1077 1345 1156 1384 alio
1179 1359 1333 1398 genere
1358 1359 1457 1398 quo-

249 1412 360 1458 dam,
377 1413 488 1464 quod
505 1413 581 1451 sibi
599 1418 736 1451 totum
752 1413 982 1464 philosophi
1000 1419 1227 1460 assumunt,
1245 1426 1352 1466 quae
1369 1427 1457 1453 rem

249 1480 488 1518 dissolutam
530 1480 813 1532 divulsamque
855 1481 1172 1533 conglutinaret,
1214 1486 1259 1519 et
1299 1483 1457 1520 ratione

250 1547 429 1599 quadam
458 1550 772 1599 constringeret.
828 1547 890 1586 Sit
924 1561 1022 1600 ergo
1051 1551 1092 1586 in
1121 1550 1208 1586 iure
1237 1548 1342 1587 civili
1368 1549 1457 1587 finis

251 1614 328 1660 hic,
354 1614 566 1666 legitimae
593 1621 720 1666 atque
746 1618 925 1654 usitatae
951 1618 994 1653 in
1018 1615 1140 1654 rebus
1166 1618 1380 1667 causisque
1405 1618 1459 1654 ci-

170 1697 233 1730 139
253 1684 362 1721 vium
383 1682 690 1734 aequabilitatis
716 1685 983 1721 conservatio.
1037 1682 1143 1721 Tum
1162 1688 1259 1721 sunt
1277 1683 1459 1722 notanda

251 1762 420 1801 genera,
448 1754 493 1788 et
521 1749 574 1788 ad
601 1755 761 1788 certum
789 1763 1006 1788 numerum
1033 1753 1370 1802 paucitatemque
1398 1764 1459 1790 re-

254 1816 447 1855 vocanda.
504 1816 645 1855 Genus
685 1823 826 1855 autem
865 1823 929 1856 est
966 1817 1022 1863 id,
1061 1817 1172 1869 quod
1209 1820 1271 1856 sui
1309 1817 1460 1856 similes

253 1886 538 1922 communione
560 1883 753 1935 quadam,
773 1886 908 1935 specie
928 1890 1069 1923 autem
1089 1883 1340 1931 differentes,
1360 1885 1461 1924 duas

256 1957 328 1990 aut
350 1950 485 2002 plures
507 1951 794 2003 complectitur
815 1958 967 2004 partes.
1022 1951 1166 1991 Partes
1189 1957 1330 1990 autem
1352 1958 1464 2000 sunt,

258 2049 332 2085 130
