1560 2294
755 129 959 170 CICERO

251 232 486 279 distortum,
508 235 641 272 eiecta
659 233 814 286 lingua,
834 234 970 273 buccis
991 234 1214 275 fluentibus
1234 249 1245 283 ;
1274 239 1376 276 risus
1397 243 1462 277 est

252 301 479 334 commotus
500 310 509 334 :
543 296 643 334 nihil
663 302 751 335 tam
773 296 964 335 Manciae
985 297 1115 336 simile
1136 301 1267 337 visum
1288 305 1352 338 est
1369 312 1380 346 ;
1414 306 1462 339 ut

252 372 346 397 cum
383 358 476 397 Tito
508 357 669 397 Pinario
703 365 892 398 mentum
924 361 967 397 in
1000 360 1174 399 dicendo
1207 363 1461 414 intorquenti

254 421 262 434 ⁴
281 426 371 459 tum
391 427 439 460 ut
458 421 628 467 diceret,
648 424 681 460 si
701 422 801 473 quid
819 421 958 468 vellet,
978 424 1011 460 si
1030 436 1179 462 nucem
1196 422 1417 476 fregisset.’

169 491 233 524 267
303 484 442 522 Etiam
468 483 537 521 illa
564 497 671 535 quae
702 484 914 522 minuendi
947 490 1021 523 aut
1054 485 1233 538 augendi
1260 499 1382 525 eausa
1409 487 1462 526 ad

251 546 533 584 incredibilem
576 546 890 585 admirationem
934 546 1186 587 efferuntur:
1244 549 1358 588 velut
1399 555 1461 596 tu,

252 608 411 654 Crasse,
437 611 480 646 in
505 611 714 655 concione,
738 608 826 647 ‘ita
855 610 931 648 sibi
954 612 1089 661 ipsum
1114 623 1311 663 magnum
1334 612 1461 651 videri

254 671 500 710 Memmium
531 677 579 710 ut
615 674 659 709 in
688 670 822 710 forum
856 671 1110 711 descendens
1143 679 1269 724 caput
1299 674 1353 713 ad
1381 674 1461 714 for-

252 736 386 772 nicem
425 734 540 772 Fabii
579 733 850 772 demitteret.'
918 734 983 773 Ex
1022 748 1104 787 quo
1141 749 1295 787 genere
1334 739 1460 776 etiam

251 796 352 835 illud
404 802 468 835 est
519 796 630 848 quod
685 795 818 848 Scipio
867 797 978 848 apud
1029 797 1311 845 Numantiam,
1367 813 1460 839 cum

252 858 579 898 stomacharetur
626 873 719 897 cum
767 859 812 897 C.
864 859 1052 906 Metello,
1101 860 1251 899 dixisse
1298 861 1460 908 dicitur,

253 922 262 936 ¹
279 925 313 961 si
361 924 552 973 quintum
596 927 763 973 pareret
806 927 941 960 mater
986 925 1086 969 eius,
1132 925 1291 962 asinum
1334 923 1460 964 fuisse

250 983 504 1036 parituram.’

167 1058 231 1091 268
302 1048 465 1099 Arguta
503 1052 567 1086 est
602 1049 729 1085 etiam
767 1047 1010 1099 significatio
1048 1061 1142 1087 cum
1173 1061 1301 1099 parva
1332 1063 1378 1088 re
1416 1055 1460 1090 et

250 1123 374 1161 saepe
405 1110 530 1148 verbo
560 1123 625 1148 res
657 1110 829 1148 obseura
860 1115 904 1148 et
934 1109 1067 1148 latens
1098 1110 1352 1151 illustratur:
1398 1118 1460 1159 ut,

249 1187 343 1212 cum
379 1172 424 1210 C.
461 1173 644 1210 Fabricio
683 1171 727 1209 P.
757 1171 981 1218 Cornelius,
1010 1172 1146 1218 homo,
1176 1179 1223 1212 ut
1252 1177 1459 1213 existima-

249 1236 385 1281 batur,
411 1248 555 1272 avarus
582 1240 627 1273 et
650 1233 784 1280 furax,
810 1234 884 1273 sed
909 1237 1076 1287 egregie
1101 1234 1232 1282 fortis,
1259 1242 1303 1275 et
1328 1237 1458 1276 bonus

247 1301 485 1349 imperator,
517 1299 671 1349 gratias
710 1302 855 1349 ageret
888 1297 999 1349 quod
1036 1311 1080 1336 se
1114 1297 1235 1337 homo
1273 1301 1458 1339 inimicus

248 1360 456 1399 consulem
478 1358 658 1406 fecisset,
681 1359 789 1398 bello
810 1362 1055 1411 praesertim
1076 1374 1227 1412 magno
1250 1366 1295 1400 et
1316 1365 1430 1414 gravi
1448 1375 1458 1401 t

249 1423 258 1437 ‘
278 1423 388 1461 Nihil
418 1428 483 1461 est
509 1435 590 1474 quo
620 1421 719 1460 mihi
748 1425 902 1475 gratias
933 1422 1059 1474 agas,’
1083 1425 1232 1475 inquit,
1254 1423 1310 1462 'si
1332 1424 1457 1463 malui

248 1485 458 1537 compilari
487 1498 612 1536 quam
638 1487 777 1523 venire
794 1484 802 1498 ’
822 1497 832 1531 ;
870 1490 918 1523 ut
947 1485 1086 1523 Asello
1115 1485 1346 1532 Africanus,
1372 1487 1457 1525 obi-

298 1643 313 1659 ⁰
338 1638 517 1681 Standing
534 1649 581 1671 on
597 1637 658 1671 the
676 1637 936 1671 north-eastern
953 1637 1030 1671 side
1046 1638 1087 1671 of
1099 1637 1160 1671 the
1178 1637 1322 1673 Forum.

299 1682 312 1702 ⁶
335 1682 411 1715 The
444 1681 641 1724 triumphal
675 1681 760 1714 arch
794 1682 1116 1724 commemorating
1149 1681 1210 1715 the
1243 1693 1382 1716 success
1416 1683 1458 1716 of

251 1726 382 1760 Fabius
399 1737 482 1759 over
500 1725 560 1759 the
582 1724 794 1768 Allobroges
811 1735 884 1758 was
900 1725 961 1758 the
977 1724 1110 1758 loftiest
1129 1735 1170 1758 so
1188 1726 1244 1759 far
1260 1725 1398 1760 erected
1417 1727 1453 1760 in

251 1770 412 1847 Rocmfler
446 1814 528 1846 four
563 1822 658 1851 sons,
689 1812 731 1845 of
763 1812 881 1845 whom
919 1811 1031 1845 Gaius
1064 1822 1136 1846 was
1168 1812 1229 1846 the
1264 1823 1361 1855 youn
1388 1816 1452 1852 est,

249 1856 462 1900 apparently
480 1855 671 1895 exhibited,
691 1856 727 1889 in
747 1855 850 1889 order
868 1856 909 1889 of
924 1856 1103 1898 seniority‚
1123 1866 1145 1888 a
1163 1855 1348 1891 diminuen
1375 1868 1397 1890 o
1415 1857 1457 1891 of

250 1901 492 1978 mt‘fllgffiggs
513 1945 696 1986 opponent
716 1943 758 1976 of
777 1942 934 1985 Pyrrhus
955 1941 1028 1976 and
1050 1943 1207 1977 eminent
1227 1946 1314 1987 type
1334 1944 1376 1977 of
1392 1943 1453 1978 the

248 1988 307 2021 old
327 1988 468 2022 Roman
486 1986 663 2029 morality.

297 2037 309 2052 ⁰
336 2032 455 2065 Better
476 2042 523 2064 an
546 2032 779 2064 extortionate
802 2030 1010 2073 magistrate
1032 2029 1119 2063 than
1142 2041 1188 2064 an
1213 2031 1455 2074 incompetent

249 2088 325 2123 400
