1560 2294
757 77 961 117 CICERO

253 184 307 221 sit
326 195 451 234 opere
471 183 662 228 iactatus,
683 195 736 220 an
756 181 809 220 ad
828 181 1048 220 dicendum
1067 182 1255 221 omnibus
1274 184 1463 236 ingenuis

255 254 410 292 artibus
428 256 651 292 instructus
671 256 900 291 accesserit.

189 337 234 370 74
303 324 439 363 XVII.
469 324 575 363 Tum
589 324 726 363 ridens
746 323 966 363 Scaevola:
995 324 1089 363 Non
1102 324 1303 371 luctabor,
1315 327 1464 378 inquit,

252 401 406 442 tecum,
422 395 581 442 Crasse,
598 395 783 447 amplius.
841 395 890 434 Id
907 398 1016 434 enim
1031 398 1180 447 ipsum,
1195 396 1307 448 quod
1321 402 1464 436 eontra

252 479 320 507 me
340 467 501 506 locutus
525 480 583 514 es,
606 467 776 506 artificio
800 467 979 519 quodam
1003 480 1046 506 es
1069 473 1326 515 consecutus,
1348 473 1397 506 ut
1419 473 1464 507 et

253 538 366 585 mihi,
385 551 492 591 quae
512 551 590 591 ego
609 538 757 577 vellem
775 552 858 577 non
877 551 966 577 esse
985 541 1171 584 oratoris,
1189 538 1434 578 concederes
1452 552 1462 586 3

254 615 298 648 et
315 623 365 648 ea
379 612 482 662 ipsa,
497 612 634 648 nescio
651 610 870 662 quomodo,
885 623 1022 648 rursus
1038 610 1320 662 detorqueres,
1336 615 1463 663 atque

193 695 235 726 75
254 684 405 720 oratori
442 684 606 733 propria
642 681 840 720 traderes.
896 681 1026 727 Haec,
1059 695 1153 720 cum
1187 694 1265 734 ego
1297 687 1464 734 praetor

255 752 445 791 Rhodum
467 755 684 799 venissem,
707 758 752 791 et
773 766 867 791 cum
889 766 1048 791 summo
1070 752 1138 791 illo
1161 752 1328 792 doctore
1346 755 1464 792 istius

254 824 491 876 disciplinae
504 823 735 876 Apollonio,
751 836 816 870 ea,
832 837 939 876 quae
956 837 981 862 a
996 823 1195 863 Panaetio
1211 837 1463 876 acceperam,

255 895 518 934 contulissem
537 909 547 933 t
576 897 701 934 irrisit
723 894 791 934 ine
815 895 997 947 quidem,
1021 900 1069 934 ut
1092 895 1266 942 solebat,
1288 895 1463 947 philoso-

253 966 407 1019 phiam,
427 972 554 1019 atque
570 969 833 1018 contempsit,
847 966 1061 1018 multaque
1076 980 1159 1005 non
1178 972 1266 1005 tam
1284 969 1464 1019 graviter

254 1038 373 1082 dixit,
398 1051 522 1090 quam
546 1036 698 1084 facete,
723 1043 797 1076 tua
825 1043 967 1076 autem
990 1036 1071 1076 fuit
1095 1040 1226 1076 oratio
1251 1037 1464 1084 eiusmodi,

253 1122 336 1148 non
363 1114 412 1148 ut
441 1108 566 1147 ullam
591 1114 724 1147 artem
753 1108 1033 1147 doctrinamve
1062 1114 1362 1155 contemneres,
1390 1109 1464 1148 sed

252 1185 301 1219 ut
326 1193 467 1219 omnes
487 1183 658 1219 comites
685 1193 733 1218 ac
751 1182 958 1219 ministras
984 1182 1156 1219 oratoris
1177 1193 1266 1219 esse
1292 1180 1461 1219 diceres.

191 1264 234 1296 76
254 1251 366 1300 Quas
385 1264 477 1304 ego,
494 1253 527 1289 si
545 1254 634 1303 quis
651 1253 705 1290 sit
722 1265 826 1289 unus
843 1251 1080 1303 complexus
1097 1264 1253 1297 omnes,
1270 1251 1463 1303 idemque

255 1325 288 1361 si
327 1322 380 1361 ad
418 1335 487 1361 eas
521 1321 765 1361 facultatem
798 1325 921 1361 istam
954 1325 1237 1361 ornatissimae
1270 1325 1463 1361 orationis

255 1393 514 1440 adiunxerit3
547 1407 629 1432 non
654 1406 820 1445 possum
848 1394 999 1440 dicere,
1020 1407 1115 1432 eum
1140 1407 1223 1433 non
1251 1396 1464 1446 egregium

255 1464 477 1517 quemdam
500 1464 709 1503 hominem
734 1470 860 1518 atque
885 1465 1171 1504 admirandum
1193 1463 1296 1511 fore,
1320 1464 1394 1504 sed
1415 1467 1464 1512 is,

254 1538 288 1575 si
312 1539 402 1588 quis
427 1541 551 1582 esset,
576 1541 650 1575 aut
673 1538 706 1575 si
731 1539 858 1575 etiam
882 1550 1064 1588 unquam
1087 1535 1248 1583 fuisset,
1272 1541 1346 1575 aut
1369 1549 1465 1575 vero

254 1609 288 1646 si
315 1620 404 1646 esse
429 1613 584 1660 posset,
610 1613 658 1646 tu
685 1620 794 1646 esses
820 1621 924 1646 unus
950 1606 1166 1659 profect03
1205 1609 1276 1660 qui
1302 1612 1347 1646 et
1371 1620 1465 1646 meo

253 1678 416 1725 iudicio,
452 1684 497 1718 et
540 1681 736 1725 omnium,
771 1681 839 1717 vix
882 1678 1007 1717 ullam
1051 1681 1199 1717 ceteris
1237 1678 1465 1717 oratoribus

193 1761 235 1794 77
255 1749 373 1801 (pace
399 1748 544 1788 horum
572 1750 763 1802 dixerim)
791 1750 956 1789 laudem
984 1749 1197 1802 reliquisti.
1251 1749 1405 1788 Verum
1431 1751 1465 1788 si

256 1821 332 1859 tibi
359 1824 435 1872 ipsi
465 1821 565 1859 nihil
590 1821 724 1868 deest,
750 1821 861 1874 quod
888 1824 931 1859 in
955 1819 1184 1860 forensibus
1209 1821 1347 1866 rebus,
1371 1822 1466 1859 civi-

256 1891 443 1943 libusque
483 1898 683 1939 versetur,
721 1895 821 1944 quin
862 1895 979 1938 scias,
1015 1905 1151 1944 neque
1193 1905 1285 1930 eam
1323 1897 1465 1930 tamen

255 1965 484 2010 scientiam,
520 1977 645 2016 quam
685 1963 873 2016 adiungis
913 1966 1079 2010 oratori,
1114 1962 1351 2015 complexus
1391 1975 1464 2008 es;

253 2032 305 2068 54
