1560 2294
773 119 977 158 CICERO

274 225 370 264 loeis
390 230 482 264 tum
499 226 680 263 maxime
702 229 889 263 extremo
906 223 960 261 ad
974 228 1136 262 mentes
1155 221 1336 261 iudicum
1355 233 1479 273 quam

272 301 452 337 maxime
479 297 779 350 permovendas
806 302 851 336 et
879 296 933 335 ad
955 296 1182 335 utilitatem
1204 300 1388 334 nostram
1412 307 1482 333 vo·

271 373 422 411 candas
442 370 692 411 conferenda
709 376 819 410 sunt.

187 454 253 488 333
324 446 471 498 Neque
500 459 599 484 sane
627 449 710 483 iam
735 458 859 483 causa
887 444 1051 483 videtur
1079 456 1169 482 esse
1197 456 1269 482 cur
1295 455 1482 481 secerna-

270 533 361 558 mus
400 533 450 558 ea
486 525 712 571 praecepta
750 531 858 571 quae
896 518 949 556 de
987 517 1242 556 suasionibus
1278 515 1482 555 tradenda

270 599 368 632 sunt
405 599 479 632 aut
511 593 832 638 laudationibus,
866 597 963 630 sunt
996 594 1107 630 enim
1143 590 1340 643 pleraque
1373 603 1483 629 eom-

270 670 438 714 munia;
482 667 556 706 sed
585 672 729 706 tamen
759 666 933 704 suadere
962 665 1117 717 aliquid
1144 670 1218 703 aut
1244 664 1481 703 dissuadere

271 744 537 794 gravissimae
552 740 653 779 mihi
672 753 872 792 personae
894 739 1058 778 videtur
1078 751 1183 785 esse,
1197 751 1294 776 nam
1314 743 1358 777 et
1376 740 1482 790 sapi-

271 818 378 854 entis
399 820 464 854 est
483 814 696 854 consilium
716 814 921 866 explicare
941 826 1060 851 suum
1080 812 1133 851 de
1152 814 1341 850 maximis
1359 812 1482 850 rebus

271 895 315 928 et
330 889 497 928 honesti
516 894 561 927 et
582 888 740 934 diserti,
758 893 806 927 ut
824 892 969 926 mente
988 886 1218 938 providere,
1234 888 1482 925 auctoritate

269 964 457 1016 probare,
482 965 668 1002 oratione
691 961 941 1014 persuadere
965 963 1106 1012 possis.
1163 959 1377 998 LXXXII.
1406 959 1483 999 At-

269 1051 350 1090 que
379 1037 483 1076 haec
510 1039 554 1075 in
579 1042 728 1075 senatu
756 1038 914 1074 minore
943 1040 1146 1086 apparatu
1175 1033 1338 1086 agenda
1361 1039 1484 1081 sunt3

271 1115 433 1163 sapiens
465 1114 576 1150 enim
607 1116 671 1149 est
708 1110 920 1149 consilium
949 1109 1173 1160 multisque
1203 1107 1291 1146 aliis
1321 1107 1483 1147 dicendi

270 1185 564 1237 relinquendus
601 1184 728 1230 locus,
756 1183 926 1223 vitanda
964 1185 1091 1221 etiam
1124 1184 1264 1234 ingeni
1301 1187 1484 1221 ostenta-

186 1271 252 1304 334
270 1262 392 1299 tionis
419 1261 616 1311 suspicio:
645 1260 781 1296 contio
803 1259 914 1308 capit
935 1269 1101 1295 omnem
1120 1258 1202 1294 vim
1223 1258 1417 1295 orationis
1438 1261 1484 1296 et

269 1336 533 1387 gravitatem,
556 1335 886 1383 varietatemque
913 1330 1134 1369 desiderat.
1189 1330 1300 1382 Ergo
1324 1332 1368 1368 in
1391 1343 1484 1369 sua-

269 1408 406 1447 dendo
430 1406 530 1445 nihil
554 1412 618 1445 est
646 1405 867 1458 optabilius
896 1418 1022 1457 quam
1045 1404 1226 1457 dignitas
1245 1417 1255 1450 ;
1293 1417 1390 1442 nam
1411 1406 1482 1457 qui

269 1482 496 1520 utilitatem
519 1483 642 1532 petit,
666 1494 748 1518 non
775 1479 875 1531 quid
903 1481 1083 1517 maxime
1113 1477 1214 1517 velit
1241 1491 1382 1517 suasor
1408 1478 1482 1518 sed

269 1556 369 1608 quid
404 1555 614 1594 interdum
650 1556 781 1606 magis
818 1558 1016 1605 sequatur
1052 1551 1178 1590 videt.
1249 1551 1382 1591 Nemo
1418 1557 1483 1592 est

270 1632 394 1676 enim,
422 1631 667 1681 praesertim
695 1631 738 1666 in
766 1633 855 1666 tam
883 1626 992 1665 clara
1020 1628 1203 1671 civitate,
1232 1628 1332 1677 quin
1359 1631 1483 1677 putet

268 1703 548 1756 expetendam
575 1704 755 1740 maxime
782 1701 1046 1753 dignitatem,
1072 1699 1146 1738 sed
1173 1701 1298 1738 vincit
1325 1699 1480 1738 utilitas

268 1777 511 1829 plerumque
549 1789 642 1815 eum
673 1775 816 1813 subest
853 1774 920 1812 ille
957 1776 1081 1812 timor
1113 1786 1163 1811 ea
1200 1772 1392 1825 neglecta
1427 1786 1480 1811 ne

185 1862 251 1895 335
269 1852 518 1903 dignitatem
569 1849 737 1902 quidem
788 1861 906 1900 posse
957 1849 1139 1886 retineri.
1195 1846 1480 1885 Controversia

269 1931 411 1964 autem
427 1930 491 1963 est
505 1926 614 1962 inter
628 1923 840 1961 hominum
855 1924 1083 1960 sententias
1100 1926 1173 1959 aut
1186 1923 1230 1959 in
1243 1920 1327 1967 illo,
1341 1926 1480 1959 utrum

269 2002 321 2037 sit
363 1998 517 2044 utilius,
557 2003 630 2036 aut
675 1999 801 2035 etiam
839 2009 932 2035 cum
977 1995 1018 2033 id
1062 1996 1254 2033 convenit
1297 1999 1480 2033 certatur

267 2083 343 2118 450
