<?xml version="1.0" encoding="UTF-8"?>
<!DOCTYPE html PUBLIC "-//W3C//DTD XHTML 1.0 Transitional//EN"
    "http://www.w3.org/TR/xhtml1/DTD/xhtml1-transitional.dtd">
<html xmlns="http://www.w3.org/1999/xhtml" xml:lang="en" lang="en">
 <head>
  <title>
</title>
<meta http-equiv="Content-Type" content="text/html;charset=utf-8" />
  <meta name='ocr-system' content='tesseract 3.04.00' />
  <meta name='ocr-capabilities' content='ocr_page ocr_carea ocr_par ocr_line ocrx_word'/>
</head>
<body>
  <div class='ocr_page' id='page_1' title='image "./cicerodeoratore01ciceuoft_0210.png"; bbox 0 0 1560 2294; ppageno 0'>
   <div class='ocr_carea' id='block_1_1' title="bbox 756 92 960 134">
    <p class='ocr_par' dir='ltr' id='par_1_1' title="bbox 756 92 960 134">
     <span class='ocr_line' id='line_1_1' title="bbox 756 92 960 134; baseline 0.01 -2"><span class='ocrx_word' id='word_1_1' title='bbox 756 92 960 134; x_wconf 89' lang='lat' dir='ltr'>CICERO</span> 
     </span>
    </p>
   </div>
   <div class='ocr_carea' id='block_1_2' title="bbox 168 194 1463 1884">
    <p class='ocr_par' dir='ltr' id='par_1_2' title="bbox 251 194 1463 887">
     <span class='ocr_line' id='line_1_2' title="bbox 252 194 1463 251; baseline 0.005 -18"><span class='ocrx_word' id='word_1_2' title='bbox 252 194 316 234; x_wconf 94' lang='lat' dir='ltr'><strong>Tu</strong></span> <span class='ocrx_word' id='word_1_3' title='bbox 330 208 440 242; x_wconf 91' lang='lat' dir='ltr'><strong>vero,</strong></span> <span class='ocrx_word' id='word_1_4' title='bbox 455 195 520 234; x_wconf 88' lang='lat' dir='ltr'><strong>vel</strong></span> <span class='ocrx_word' id='word_1_5' title='bbox 533 198 566 235; x_wconf 92' lang='lat' dir='ltr'><strong>si</strong></span> <span class='ocrx_word' id='word_1_6' title='bbox 582 201 883 236; x_wconf 89' lang='lat' dir='ltr'><strong>testamentum</strong></span> <span class='ocrx_word' id='word_1_7' title='bbox 897 196 1156 245; x_wconf 88' lang='lat' dir='ltr'><strong>defenderes,</strong></span> <span class='ocrx_word' id='word_1_8' title='bbox 1170 200 1228 238; x_wconf 91' lang='lat' dir='ltr'><strong>sic</strong></span> <span class='ocrx_word' id='word_1_9' title='bbox 1241 210 1401 251; x_wconf 80' lang='lat' dir='ltr'><strong>ageres,</strong></span> <span class='ocrx_word' id='word_1_10' title='bbox 1413 203 1463 239; x_wconf 81' lang='lat' dir='ltr'><strong>ut</strong></span> 
     </span>
     <span class='ocr_line' id='line_1_3' title="bbox 253 269 1463 322; baseline 0.003 -17"><span class='ocrx_word' id='word_1_11' title='bbox 253 279 374 305; x_wconf 91' lang='lat' dir='ltr'><strong>omne</strong></span> <span class='ocrx_word' id='word_1_12' title='bbox 396 269 579 306; x_wconf 88' lang='lat' dir='ltr'><strong>omnium</strong></span> <span class='ocrx_word' id='word_1_13' title='bbox 599 273 946 307; x_wconf 78' lang='lat' dir='ltr'><strong>testamentorum</strong></span> <span class='ocrx_word' id='word_1_14' title='bbox 971 271 1034 308; x_wconf 89' lang='lat' dir='ltr'><strong>ius</strong></span> <span class='ocrx_word' id='word_1_15' title='bbox 1053 271 1097 307; x_wconf 91' lang='lat' dir='ltr'><strong>in</strong></span> <span class='ocrx_word' id='word_1_16' title='bbox 1118 282 1168 308; x_wconf 92' lang='lat' dir='ltr'><strong>eo</strong></span> <span class='ocrx_word' id='word_1_17' title='bbox 1188 269 1336 308; x_wconf 90' lang='lat' dir='ltr'><strong>iudicio</strong></span> <span class='ocrx_word' id='word_1_18' title='bbox 1356 272 1463 322; x_wconf 89' lang='lat' dir='ltr'><strong>posi-</strong></span> 
     </span>
     <span class='ocr_line' id='line_1_4' title="bbox 253 338 1463 393; baseline 0.003 -17"><span class='ocrx_word' id='word_1_19' title='bbox 253 343 343 376; x_wconf 91' lang='lat' dir='ltr'><strong>tum</strong></span> <span class='ocrx_word' id='word_1_20' title='bbox 363 338 573 376; x_wconf 91' lang='lat' dir='ltr'><strong>videretur</strong></span> <span class='ocrx_word' id='word_1_21' title='bbox 590 351 601 385; x_wconf 95' lang='lat'>;</span> <span class='ocrx_word' id='word_1_22' title='bbox 636 338 702 377; x_wconf 91' lang='lat' dir='ltr'><strong>vel</strong></span> <span class='ocrx_word' id='word_1_23' title='bbox 721 341 754 377; x_wconf 91' lang='lat' dir='ltr'><strong>si</strong></span> <span class='ocrx_word' id='word_1_24' title='bbox 775 352 940 378; x_wconf 89' lang='lat' dir='ltr'><strong>causam</strong></span> <span class='ocrx_word' id='word_1_25' title='bbox 962 353 1106 392; x_wconf 86' lang='lat' dir='ltr'>ageres</span> <span class='ocrx_word' id='word_1_26' title='bbox 1125 340 1280 387; x_wconf 88' lang='lat' dir='ltr'><strong>militis,</strong></span> <span class='ocrx_word' id='word_1_27' title='bbox 1299 346 1463 393; x_wconf 85' lang='lat' dir='ltr'><strong>patrem</strong></span> 
     </span>
     <span class='ocr_line' id='line_1_5' title="bbox 253 409 1463 458; baseline 0.003 -11"><span class='ocrx_word' id='word_1_28' title='bbox 253 411 356 455; x_wconf 92' lang='lat' dir='ltr'><strong>eius,</strong></span> <span class='ocrx_word' id='word_1_29' title='bbox 387 414 436 448; x_wconf 88' lang='lat' dir='ltr'><strong>ut</strong></span> <span class='ocrx_word' id='word_1_30' title='bbox 466 409 586 455; x_wconf 85' lang='lat' dir='ltr'><strong>soles,</strong></span> <span class='ocrx_word' id='word_1_31' title='bbox 617 409 791 448; x_wconf 85' lang='lat' dir='ltr'><strong>dicendo</strong></span> <span class='ocrx_word' id='word_1_32' title='bbox 824 423 849 448; x_wconf 89' lang='lat' dir='ltr'><strong>a</strong></span> <span class='ocrx_word' id='word_1_33' title='bbox 878 413 1050 449; x_wconf 89' lang='lat' dir='ltr'><strong>mortuis</strong></span> <span class='ocrx_word' id='word_1_34' title='bbox 1083 414 1334 458; x_wconf 84' lang='lat' dir='ltr'><strong>excitasses;</strong></span> <span class='ocrx_word' id='word_1_35' title='bbox 1379 417 1463 451; x_wconf 79' lang='lat' dir='ltr'><strong>sta-</strong></span> 
     </span>
     <span class='ocr_line' id='line_1_6' title="bbox 251 480 1463 535; baseline 0.003 -17"><span class='ocrx_word' id='word_1_36' title='bbox 251 481 399 518; x_wconf 90' lang='lat' dir='ltr'><strong>tuisses</strong></span> <span class='ocrx_word' id='word_1_37' title='bbox 418 485 517 518; x_wconf 88' lang='lat' dir='ltr'><strong>ante</strong></span> <span class='ocrx_word' id='word_1_38' title='bbox 535 480 672 519; x_wconf 90' lang='lat' dir='ltr'><strong>oculos</strong></span> <span class='ocrx_word' id='word_1_39' title='bbox 690 493 701 527; x_wconf 93' lang='lat'>;</span> <span class='ocrx_word' id='word_1_40' title='bbox 733 481 970 533; x_wconf 89' lang='lat' dir='ltr'><strong>complexus</strong></span> <span class='ocrx_word' id='word_1_41' title='bbox 989 487 1100 521; x_wconf 89' lang='lat' dir='ltr'><strong>esset</strong></span> <span class='ocrx_word' id='word_1_42' title='bbox 1117 481 1260 529; x_wconf 90' lang='lat' dir='ltr'><strong>filium,</strong></span> <span class='ocrx_word' id='word_1_43' title='bbox 1277 481 1463 535; x_wconf 85' lang='lat' dir='ltr'><strong>flensque</strong></span> 
     </span>
     <span class='ocr_line' id='line_1_7' title="bbox 252 552 1462 605; baseline 0.003 -16"><span class='ocrx_word' id='word_1_44' title='bbox 252 563 347 589; x_wconf 89' lang='lat' dir='ltr'><strong>eum</strong></span> <span class='ocrx_word' id='word_1_45' title='bbox 373 554 636 590; x_wconf 89' lang='lat' dir='ltr'><strong>centumviris</strong></span> <span class='ocrx_word' id='word_1_46' title='bbox 662 552 1020 599; x_wconf 83' lang='lat' dir='ltr'><strong>commendasset3</strong></span> <span class='ocrx_word' id='word_1_47' title='bbox 1052 552 1210 605; x_wconf 91' lang='lat' dir='ltr'><strong>lapides</strong></span> <span class='ocrx_word' id='word_1_48' title='bbox 1227 552 1462 593; x_wconf 85' lang='lat' dir='ltr'><strong>mehercule</strong></span> 
     </span>
     <span class='ocr_line' id='line_1_8' title="bbox 252 621 1462 676; baseline 0.003 -16"><span class='ocrx_word' id='word_1_49' title='bbox 252 634 395 660; x_wconf 87' lang='lat' dir='ltr'><strong>omnes</strong></span> <span class='ocrx_word' id='word_1_50' title='bbox 417 621 516 661; x_wconf 88' lang='lat' dir='ltr'><strong>flere</strong></span> <span class='ocrx_word' id='word_1_51' title='bbox 540 636 588 661; x_wconf 90' lang='lat' dir='ltr'><strong>ac</strong></span> <span class='ocrx_word' id='word_1_52' title='bbox 609 622 828 662; x_wconf 88' lang='lat' dir='ltr'><strong>lamentari</strong></span> <span class='ocrx_word' id='word_1_53' title='bbox 850 626 1053 676; x_wconf 86' lang='lat' dir='ltr'><strong>coegisset</strong></span> <span class='ocrx_word' id='word_1_54' title='bbox 1072 637 1082 663; x_wconf 80' lang='lat' dir='ltr'>z</span> <span class='ocrx_word' id='word_1_55' title='bbox 1119 629 1168 663; x_wconf 89' lang='lat' dir='ltr'><strong>ut</strong></span> <span class='ocrx_word' id='word_1_56' title='bbox 1189 629 1326 664; x_wconf 85' lang='lat' dir='ltr'><strong>totum</strong></span> <span class='ocrx_word' id='word_1_57' title='bbox 1347 623 1462 671; x_wconf 84' lang='lat' dir='ltr'><strong>illud,</strong></span> 
     </span>
     <span class='ocr_line' id='line_1_9' title="bbox 254 692 1463 743; baseline 0.003 -12"><span class='ocrx_word' id='word_1_58' title='bbox 254 692 337 732; x_wconf 76' lang='lat' dir='ltr'><strong>U¹rr</strong></span> <span class='ocrx_word' id='word_1_59' title='bbox 363 705 512 732; x_wconf 79' lang='lat' dir='ltr'>LINGUA</span> <span class='ocrx_word' id='word_1_60' title='bbox 537 706 824 740; x_wconf 76' lang='lat' dir='ltr'><strong>NUNCUPASSIT,</strong></span> <span class='ocrx_word' id='word_1_61' title='bbox 850 708 932 733; x_wconf 92' lang='lat' dir='ltr'><strong>non</strong></span> <span class='ocrx_word' id='word_1_62' title='bbox 957 697 1001 733; x_wconf 92' lang='lat' dir='ltr'><strong>in</strong></span> <span class='ocrx_word' id='word_1_63' title='bbox 1027 694 1258 734; x_wconf 85' lang='lat' dir='ltr'><strong>Duodecim</strong></span> <span class='ocrx_word' id='word_1_64' title='bbox 1281 695 1463 743; x_wconf 78' lang='lat' dir='ltr'><strong>Tabulis,</strong></span> 
     </span>
     <span class='ocr_line' id='line_1_10' title="bbox 254 764 1463 820; baseline 0.003 -18"><span class='ocrx_word' id='word_1_65' title='bbox 254 777 355 816; x_wconf 88' lang='lat' dir='ltr'><strong>quas</strong></span> <span class='ocrx_word' id='word_1_66' title='bbox 372 769 421 803; x_wconf 94' lang='lat' dir='ltr'><strong>tu</strong></span> <span class='ocrx_word' id='word_1_67' title='bbox 437 765 626 803; x_wconf 91' lang='lat' dir='ltr'><strong>omnibus</strong></span> <span class='ocrx_word' id='word_1_68' title='bbox 651 764 910 804; x_wconf 86' lang='lat' dir='ltr'><strong>bibliothecis</strong></span> <span class='ocrx_word' id='word_1_69' title='bbox 937 768 1168 818; x_wconf 82' lang='lat' dir='ltr'><strong>anteponis,</strong></span> <span class='ocrx_word' id='word_1_70' title='bbox 1185 766 1318 806; x_wconf 88' lang='lat' dir='ltr'><strong>sedin</strong></span> <span class='ocrx_word' id='word_1_71' title='bbox 1333 769 1463 820; x_wconf 86' lang='lat' dir='ltr'><strong>magi-</strong></span> 
     </span>
     <span class='ocr_line' id='line_1_11' title="bbox 253 835 982 887; baseline 0.003 -14"><span class='ocrx_word' id='word_1_72' title='bbox 253 837 327 874; x_wconf 87' lang='lat' dir='ltr'><strong>stri</strong></span> <span class='ocrx_word' id='word_1_73' title='bbox 345 837 525 874; x_wconf 85' lang='lat' dir='ltr'><strong>carmine</strong></span> <span class='ocrx_word' id='word_1_74' title='bbox 544 838 742 887; x_wconf 90' lang='lat' dir='ltr'><strong>scriptum</strong></span> <span class='ocrx_word' id='word_1_75' title='bbox 761 835 982 875; x_wconf 90' lang='lat' dir='ltr'><strong>videretur.</strong></span> 
     </span>
    </p>

    <p class='ocr_par' dir='ltr' id='par_1_3' title="bbox 168 906 1463 1815">
     <span class='ocr_line' id='line_1_12' title="bbox 168 906 1462 959; baseline 0.002 -12"><span class='ocrx_word' id='word_1_76' title='bbox 168 913 236 947; x_wconf 83' lang='lat'><strong>246</strong></span> <span class='ocrx_word' id='word_1_77' title='bbox 305 906 458 945; x_wconf 92' lang='lat' dir='ltr'><strong>LVIII.</strong></span> <span class='ocrx_word' id='word_1_78' title='bbox 488 906 596 945; x_wconf 89' lang='lat' dir='ltr'><strong>Nam</strong></span> <span class='ocrx_word' id='word_1_79' title='bbox 611 907 722 959; x_wconf 93' lang='lat' dir='ltr'><strong>quod</strong></span> <span class='ocrx_word' id='word_1_80' title='bbox 736 910 929 946; x_wconf 87' lang='lat' dir='ltr'><strong>inertiam</strong></span> <span class='ocrx_word' id='word_1_81' title='bbox 945 921 1109 947; x_wconf 86' lang='lat' dir='ltr'><strong>accusas</strong></span> <span class='ocrx_word' id='word_1_82' title='bbox 1125 908 1462 957; x_wconf 72' lang='lat' dir='ltr'><strong>adolescentium,</strong></span> 
     </span>
     <span class='ocr_line' id='line_1_13' title="bbox 252 977 1462 1030; baseline 0.003 -14"><span class='ocrx_word' id='word_1_83' title='bbox 252 980 322 1030; x_wconf 91' lang='lat' dir='ltr'><strong>qui</strong></span> <span class='ocrx_word' id='word_1_84' title='bbox 346 980 470 1016; x_wconf 90' lang='lat' dir='ltr'><strong>istam</strong></span> <span class='ocrx_word' id='word_1_85' title='bbox 494 983 642 1024; x_wconf 91' lang='lat' dir='ltr'><strong>artem,</strong></span> <span class='ocrx_word' id='word_1_86' title='bbox 665 980 844 1030; x_wconf 90' lang='lat' dir='ltr'><strong>primum</strong></span> <span class='ocrx_word' id='word_1_87' title='bbox 867 977 1117 1026; x_wconf 85' lang='lat' dir='ltr'><strong>facillimam,</strong></span> <span class='ocrx_word' id='word_1_88' title='bbox 1141 993 1224 1018; x_wconf 90' lang='lat' dir='ltr'><strong>non</strong></span> <span class='ocrx_word' id='word_1_89' title='bbox 1249 980 1462 1028; x_wconf 75' lang='lat' dir='ltr'><strong>ediscant3</strong></span> 
     </span>
     <span class='ocr_line' id='line_1_14' title="bbox 252 1048 1462 1103; baseline 0.003 -16"><span class='ocrx_word' id='word_1_90' title='bbox 252 1062 359 1101; x_wconf 89' lang='lat' dir='ltr'><strong>quae</strong></span> <span class='ocrx_word' id='word_1_91' title='bbox 398 1062 523 1101; x_wconf 90' lang='lat' dir='ltr'><strong>quam</strong></span> <span class='ocrx_word' id='word_1_92' title='bbox 556 1051 611 1088; x_wconf 88' lang='lat' dir='ltr'><strong>sit</strong></span> <span class='ocrx_word' id='word_1_93' title='bbox 644 1048 787 1096; x_wconf 86' lang='lat' dir='ltr'><strong>facilis,</strong></span> <span class='ocrx_word' id='word_1_94' title='bbox 819 1049 877 1088; x_wconf 90' lang='lat' dir='ltr'><strong>illi</strong></span> <span class='ocrx_word' id='word_1_95' title='bbox 911 1049 1102 1097; x_wconf 87' lang='lat' dir='ltr'><strong>viderint,</strong></span> <span class='ocrx_word' id='word_1_96' title='bbox 1137 1053 1207 1103; x_wconf 91' lang='lat' dir='ltr'><strong>qui</strong></span> <span class='ocrx_word' id='word_1_97' title='bbox 1242 1053 1328 1091; x_wconf 90' lang='lat' dir='ltr'><strong>eius</strong></span> <span class='ocrx_word' id='word_1_98' title='bbox 1363 1054 1462 1091; x_wconf 87' lang='lat' dir='ltr'><strong>artis</strong></span> 
     </span>
     <span class='ocr_line' id='line_1_15' title="bbox 252 1120 1462 1172; baseline 0.003 -14"><span class='ocrx_word' id='word_1_99' title='bbox 252 1122 500 1172; x_wconf 85' lang='lat' dir='ltr'><strong>arrogantia,</strong></span> <span class='ocrx_word' id='word_1_100' title='bbox 517 1122 634 1172; x_wconf 88' lang='lat' dir='ltr'><strong>quasi</strong></span> <span class='ocrx_word' id='word_1_101' title='bbox 649 1120 882 1159; x_wconf 88' lang='lat' dir='ltr'><strong>difficillima</strong></span> <span class='ocrx_word' id='word_1_102' title='bbox 897 1123 964 1167; x_wconf 86' lang='lat' dir='ltr'><strong>sit,</strong></span> <span class='ocrx_word' id='word_1_103' title='bbox 980 1123 1041 1160; x_wconf 88' lang='lat' dir='ltr'><strong>ita</strong></span> <span class='ocrx_word' id='word_1_104' title='bbox 1056 1122 1219 1160; x_wconf 85' lang='lat' dir='ltr'><strong>subnixi</strong></span> <span class='ocrx_word' id='word_1_105' title='bbox 1235 1122 1462 1170; x_wconf 83' lang='lat' dir='ltr'><strong>ambulant,</strong></span> 
     </span>
     <span class='ocr_line' id='line_1_16' title="bbox 252 1190 1462 1244; baseline 0.003 -15"><span class='ocrx_word' id='word_1_106' title='bbox 252 1190 403 1230; x_wconf 89' lang='lat' dir='ltr'><strong>deinde</strong></span> <span class='ocrx_word' id='word_1_107' title='bbox 426 1193 553 1229; x_wconf 90' lang='lat' dir='ltr'><strong>etiam</strong></span> <span class='ocrx_word' id='word_1_108' title='bbox 574 1196 622 1230; x_wconf 91' lang='lat' dir='ltr'><strong>tu</strong></span> <span class='ocrx_word' id='word_1_109' title='bbox 642 1193 731 1243; x_wconf 90' lang='lat' dir='ltr'><strong>ipse</strong></span> <span class='ocrx_word' id='word_1_110' title='bbox 753 1191 915 1238; x_wconf 84' lang='lat' dir='ltr'><strong>videris,</strong></span> <span class='ocrx_word' id='word_1_111' title='bbox 938 1194 1008 1244; x_wconf 93' lang='lat' dir='ltr'><strong>qui</strong></span> <span class='ocrx_word' id='word_1_112' title='bbox 1030 1205 1123 1231; x_wconf 92' lang='lat' dir='ltr'><strong>eam</strong></span> <span class='ocrx_word' id='word_1_113' title='bbox 1145 1198 1278 1232; x_wconf 88' lang='lat' dir='ltr'><strong>artem</strong></span> <span class='ocrx_word' id='word_1_114' title='bbox 1299 1192 1462 1233; x_wconf 85' lang='lat' dir='ltr'><strong>facilem</strong></span> 
     </span>
     <span class='ocr_line' id='line_1_17' title="bbox 253 1261 1463 1314; baseline 0.003 -14"><span class='ocrx_word' id='word_1_115' title='bbox 253 1275 343 1301; x_wconf 91' lang='lat' dir='ltr'><strong>esse</strong></span> <span class='ocrx_word' id='word_1_116' title='bbox 368 1261 482 1308; x_wconf 91' lang='lat' dir='ltr'><strong>dicis,</strong></span> <span class='ocrx_word' id='word_1_117' title='bbox 508 1275 633 1314; x_wconf 88' lang='lat' dir='ltr'><strong>quam</strong></span> <span class='ocrx_word' id='word_1_118' title='bbox 658 1262 846 1301; x_wconf 90' lang='lat' dir='ltr'><strong>concedis</strong></span> <span class='ocrx_word' id='word_1_119' title='bbox 873 1262 1006 1302; x_wconf 89' lang='lat' dir='ltr'><strong>adhuc</strong></span> <span class='ocrx_word' id='word_1_120' title='bbox 1031 1268 1165 1303; x_wconf 89' lang='lat' dir='ltr'><strong>artem</strong></span> <span class='ocrx_word' id='word_1_121' title='bbox 1189 1267 1355 1304; x_wconf 86' lang='lat' dir='ltr'><strong>omnino</strong></span> <span class='ocrx_word' id='word_1_122' title='bbox 1379 1278 1463 1304; x_wconf 92' lang='lat' dir='ltr'><strong>non</strong></span> 
     </span>
     <span class='ocr_line' id='line_1_18' title="bbox 254 1332 1463 1386; baseline 0.004 -15"><span class='ocrx_word' id='word_1_123' title='bbox 254 1346 358 1379; x_wconf 90' lang='lat' dir='ltr'><strong>esse,</strong></span> <span class='ocrx_word' id='word_1_124' title='bbox 378 1333 453 1372; x_wconf 91' lang='lat' dir='ltr'><strong>sed</strong></span> <span class='ocrx_word' id='word_1_125' title='bbox 473 1332 707 1385; x_wconf 85' lang='lat' dir='ltr'><strong>aliquando,</strong></span> <span class='ocrx_word' id='word_1_126' title='bbox 727 1336 762 1372; x_wconf 92' lang='lat' dir='ltr'><strong>si</strong></span> <span class='ocrx_word' id='word_1_127' title='bbox 783 1335 873 1386; x_wconf 92' lang='lat' dir='ltr'><strong>quis</strong></span> <span class='ocrx_word' id='word_1_128' title='bbox 894 1334 1016 1373; x_wconf 88' lang='lat' dir='ltr'><strong>aliam</strong></span> <span class='ocrx_word' id='word_1_129' title='bbox 1038 1344 1171 1374; x_wconf 86' lang='lat' dir='ltr'><strong>artem</strong></span> <span class='ocrx_word' id='word_1_130' title='bbox 1191 1335 1393 1383; x_wconf 84' lang='lat' dir='ltr'><strong>didicerit,</strong></span> <span class='ocrx_word' id='word_1_131' title='bbox 1413 1341 1463 1376; x_wconf 91' lang='lat' dir='ltr'><strong>ut</strong></span> 
     </span>
     <span class='ocr_line' id='line_1_19' title="bbox 253 1403 1461 1457; baseline 0.003 -15"><span class='ocrx_word' id='word_1_132' title='bbox 253 1403 359 1443; x_wconf 88' lang='lat' dir='ltr'><strong>hanc</strong></span> <span class='ocrx_word' id='word_1_133' title='bbox 392 1410 525 1443; x_wconf 89' lang='lat' dir='ltr'><strong>artem</strong></span> <span class='ocrx_word' id='word_1_134' title='bbox 559 1404 719 1443; x_wconf 89' lang='lat' dir='ltr'><strong>efficere</strong></span> <span class='ocrx_word' id='word_1_135' title='bbox 753 1407 896 1457; x_wconf 90' lang='lat' dir='ltr'><strong>possit,</strong></span> <span class='ocrx_word' id='word_1_136' title='bbox 926 1410 1018 1444; x_wconf 93' lang='lat' dir='ltr'><strong>tum</strong></span> <span class='ocrx_word' id='word_1_137' title='bbox 1051 1419 1140 1445; x_wconf 90' lang='lat' dir='ltr'><strong>esse</strong></span> <span class='ocrx_word' id='word_1_138' title='bbox 1182 1405 1294 1445; x_wconf 89' lang='lat' dir='ltr'><strong>illam</strong></span> <span class='ocrx_word' id='word_1_139' title='bbox 1327 1412 1461 1446; x_wconf 87' lang='lat' dir='ltr'><strong>artem</strong></span> 
     </span>
     <span class='ocr_line' id='line_1_20' title="bbox 253 1474 1462 1528; baseline 0.002 -14"><span class='ocrx_word' id='word_1_140' title='bbox 253 1474 435 1514; x_wconf 88' lang='lat' dir='ltr'><strong>futuram</strong></span> <span class='ocrx_word' id='word_1_141' title='bbox 455 1489 464 1514; x_wconf 90' lang='lat'>:</span> <span class='ocrx_word' id='word_1_142' title='bbox 505 1475 670 1522; x_wconf 91' lang='lat' dir='ltr'><strong>deinde,</strong></span> <span class='ocrx_word' id='word_1_143' title='bbox 698 1475 809 1528; x_wconf 91' lang='lat' dir='ltr'><strong>quod</strong></span> <span class='ocrx_word' id='word_1_144' title='bbox 836 1478 890 1514; x_wconf 91' lang='lat' dir='ltr'><strong>sit</strong></span> <span class='ocrx_word' id='word_1_145' title='bbox 915 1476 1039 1528; x_wconf 87' lang='lat' dir='ltr'><strong>plena</strong></span> <span class='ocrx_word' id='word_1_146' title='bbox 1065 1476 1379 1524; x_wconf 78' lang='lat' dir='ltr'><strong>delectationis3</strong></span> <span class='ocrx_word' id='word_1_147' title='bbox 1418 1481 1462 1517; x_wconf 91' lang='lat' dir='ltr'><strong>in</strong></span> 
     </span>
     <span class='ocr_line' id='line_1_21' title="bbox 253 1547 1461 1599; baseline 0.003 -14"><span class='ocrx_word' id='word_1_148' title='bbox 253 1560 335 1599; x_wconf 92' lang='lat' dir='ltr'><strong>quo</strong></span> <span class='ocrx_word' id='word_1_149' title='bbox 354 1547 430 1585; x_wconf 91' lang='lat' dir='ltr'><strong>tibi</strong></span> <span class='ocrx_word' id='word_1_150' title='bbox 450 1549 671 1585; x_wconf 86' lang='lat' dir='ltr'><strong>remittunt</strong></span> <span class='ocrx_word' id='word_1_151' title='bbox 690 1559 831 1586; x_wconf 91' lang='lat' dir='ltr'><strong>omnes</strong></span> <span class='ocrx_word' id='word_1_152' title='bbox 851 1549 974 1586; x_wconf 88' lang='lat' dir='ltr'><strong>istam</strong></span> <span class='ocrx_word' id='word_1_153' title='bbox 993 1547 1264 1599; x_wconf 85' lang='lat' dir='ltr'><strong>voluptatem,</strong></span> <span class='ocrx_word' id='word_1_154' title='bbox 1284 1554 1329 1588; x_wconf 88' lang='lat' dir='ltr'><strong>et</strong></span> <span class='ocrx_word' id='word_1_155' title='bbox 1348 1562 1399 1588; x_wconf 83' lang='lat' dir='ltr'><strong>ea</strong></span> <span class='ocrx_word' id='word_1_156' title='bbox 1416 1562 1461 1589; x_wconf 91' lang='lat' dir='ltr'><strong>se</strong></span> 
     </span>
     <span class='ocr_line' id='line_1_22' title="bbox 253 1620 1462 1672; baseline 0.002 -16"><span class='ocrx_word' id='word_1_157' title='bbox 253 1631 392 1657; x_wconf 89' lang='lat' dir='ltr'><strong>carere</strong></span> <span class='ocrx_word' id='word_1_158' title='bbox 417 1620 661 1669; x_wconf 84' lang='lat' dir='ltr'><strong>patiuntur3</strong></span> <span class='ocrx_word' id='word_1_159' title='bbox 701 1631 778 1656; x_wconf 90' lang='lat' dir='ltr'><strong>nec</strong></span> <span class='ocrx_word' id='word_1_160' title='bbox 804 1620 1020 1670; x_wconf 90' lang='lat' dir='ltr'><strong>quisquam</strong></span> <span class='ocrx_word' id='word_1_161' title='bbox 1047 1624 1111 1658; x_wconf 90' lang='lat' dir='ltr'><strong>est</strong></span> <span class='ocrx_word' id='word_1_162' title='bbox 1137 1632 1292 1666; x_wconf 90' lang='lat' dir='ltr'><strong>eorum,</strong></span> <span class='ocrx_word' id='word_1_163' title='bbox 1318 1623 1403 1672; x_wconf 92' lang='lat' dir='ltr'><strong>qui,</strong></span> <span class='ocrx_word' id='word_1_164' title='bbox 1427 1623 1462 1659; x_wconf 90' lang='lat' dir='ltr'><strong>si</strong></span> 
     </span>
     <span class='ocr_line' id='line_1_23' title="bbox 253 1688 1461 1741; baseline 0.002 -14"><span class='ocrx_word' id='word_1_165' title='bbox 253 1692 334 1727; x_wconf 89' lang='lat' dir='ltr'><strong>iam</strong></span> <span class='ocrx_word' id='word_1_166' title='bbox 350 1691 403 1727; x_wconf 89' lang='lat' dir='ltr'><strong>sit</strong></span> <span class='ocrx_word' id='word_1_167' title='bbox 423 1688 689 1727; x_wconf 87' lang='lat' dir='ltr'><strong>ediscendum</strong></span> <span class='ocrx_word' id='word_1_168' title='bbox 705 1689 781 1728; x_wconf 93' lang='lat' dir='ltr'><strong>sibi</strong></span> <span class='ocrx_word' id='word_1_169' title='bbox 797 1689 965 1741; x_wconf 88' lang='lat' dir='ltr'><strong>aliquid,</strong></span> <span class='ocrx_word' id='word_1_170' title='bbox 981 1703 1063 1728; x_wconf 92' lang='lat' dir='ltr'><strong>non</strong></span> <span class='ocrx_word' id='word_1_171' title='bbox 1077 1689 1281 1730; x_wconf 89' lang='lat' dir='ltr'><strong>Teucrum</strong></span> <span class='ocrx_word' id='word_1_172' title='bbox 1297 1690 1461 1730; x_wconf 87' lang='lat' dir='ltr'><strong>Pacuvii</strong></span> 
     </span>
     <span class='ocr_line' id='line_1_24' title="bbox 253 1759 1460 1815; baseline 0.004 -18"><span class='ocrx_word' id='word_1_173' title='bbox 253 1760 370 1798; x_wconf 89' lang='lat' dir='ltr'><strong>malit</strong></span> <span class='ocrx_word' id='word_1_174' title='bbox 388 1773 512 1812; x_wconf 91' lang='lat' dir='ltr'><strong>quam</strong></span> <span class='ocrx_word' id='word_1_175' title='bbox 534 1759 779 1798; x_wconf 89' lang='lat' dir='ltr'><strong>Manilianas</strong></span> <span class='ocrx_word' id='word_1_176' title='bbox 798 1760 1003 1799; x_wconf 84' lang='lat' dir='ltr'><strong>venalium</strong></span> <span class='ocrx_word' id='word_1_177' title='bbox 1021 1761 1330 1800; x_wconf 89' lang='lat' dir='ltr'><strong>vendendorum</strong></span> <span class='ocrx_word' id='word_1_178' title='bbox 1346 1761 1460 1815; x_wconf 86' lang='lat' dir='ltr'><strong>leges</strong></span> 
     </span>
    </p>

    <p class='ocr_par' dir='ltr' id='par_1_4' title="bbox 170 1830 1460 1884">
     <span class='ocr_line' id='line_1_25' title="bbox 170 1830 1460 1884; baseline 0.002 -15"><span class='ocrx_word' id='word_1_179' title='bbox 170 1843 236 1878; x_wconf 79' lang='lat'><strong>247</strong></span> <span class='ocrx_word' id='word_1_180' title='bbox 255 1831 447 1869; x_wconf 83' lang='lat' dir='ltr'><strong>ediscere.</strong></span> <span class='ocrx_word' id='word_1_181' title='bbox 502 1830 608 1869; x_wconf 92' lang='lat' dir='ltr'><strong>Tum</strong></span> <span class='ocrx_word' id='word_1_182' title='bbox 638 1836 793 1877; x_wconf 89' lang='lat' dir='ltr'><strong>autem,</strong></span> <span class='ocrx_word' id='word_1_183' title='bbox 823 1831 934 1883; x_wconf 91' lang='lat' dir='ltr'><strong>quod</strong></span> <span class='ocrx_word' id='word_1_184' title='bbox 963 1845 1101 1871; x_wconf 89' lang='lat' dir='ltr'><strong>amore</strong></span> <span class='ocrx_word' id='word_1_185' title='bbox 1129 1835 1289 1884; x_wconf 87' lang='lat' dir='ltr'><strong>patriae</strong></span> <span class='ocrx_word' id='word_1_186' title='bbox 1317 1846 1460 1872; x_wconf 89' lang='lat' dir='ltr'><strong>censes</strong></span> 
     </span>
    </p>
   </div>
   <div class='ocr_carea' id='block_1_3' title="bbox 323 1947 1390 2036">
    <p class='ocr_par' dir='ltr' id='par_1_5' title="bbox 323 1947 1390 2036">
     <span class='ocr_line' id='line_1_26' title="bbox 323 1947 1390 2013; baseline 0.004 -31"><span class='ocrx_word' id='word_1_187' title='bbox 323 1952 339 1969; x_wconf 83' lang='lat'><em>⁰</em></span> <span class='ocrx_word' id='word_1_188' title='bbox 363 1947 429 1982; x_wconf 84' lang='lat' dir='ltr'><strong>See</strong></span> <span class='ocrx_word' id='word_1_189' title='bbox 440 1948 611 1982; x_wconf 75' lang='lat' dir='ltr'><strong>Remaine</strong></span> <span class='ocrx_word' id='word_1_190' title='bbox 623 1948 667 2013; x_wconf 58' lang='lat' dir='ltr'><strong>o(</strong></span> <span class='ocrx_word' id='word_1_191' title='bbox 678 1947 749 2000; x_wconf 68' lang='lat' dir='ltr'><strong>Olgi</strong></span> <span class='ocrx_word' id='word_1_192' title='bbox 764 1948 873 2001; x_wconf 56' lang='lat' dir='ltr'><strong>Latin</strong></span> <span class='ocrx_word' id='word_1_193' title='bbox 890 1948 1065 1992; x_wconf 90' lang='lat' dir='ltr'><strong>(L.C.L.),</strong></span> <span class='ocrx_word' id='word_1_194' title='bbox 1082 1951 1130 1984; x_wconf 84' lang='lat' dir='ltr'><strong>iii.</strong></span> <span class='ocrx_word' id='word_1_195' title='bbox 1148 1961 1208 1994; x_wconf 86' lang='lat' dir='ltr'><strong>pp.</strong></span> <span class='ocrx_word' id='word_1_196' title='bbox 1225 1952 1390 1987; x_wconf 62' lang='lat'><strong>456457.</strong></span> 
     </span>
     <span class='ocr_line' id='line_1_27' title="bbox 674 1992 1084 2036; baseline 0.005 -10"><span class='ocrx_word' id='word_1_197' title='bbox 674 1992 768 2026; x_wconf 78' lang='lat' dir='ltr'><strong>Ibwl.</strong></span> <span class='ocrx_word' id='word_1_198' title='bbox 787 2004 822 2027; x_wconf 85' lang='lat' dir='ltr'><strong>u.</strong></span> <span class='ocrx_word' id='word_1_199' title='bbox 839 2003 900 2036; x_wconf 91' lang='lat' dir='ltr'><strong>pp.</strong></span> <span class='ocrx_word' id='word_1_200' title='bbox 917 1994 985 2027; x_wconf 75' lang='lat'><strong>286</strong></span> <span class='ocrx_word' id='word_1_201' title='bbox 1004 1995 1084 2028; x_wconf 85' lang='lat'><strong>303.</strong></span> 
     </span>
    </p>
   </div>
   <div class='ocr_carea' id='block_1_4' title="bbox 258 2055 330 2093">
    <p class='ocr_par' dir='ltr' id='par_1_6' title="bbox 258 2055 330 2093">
     <span class='ocr_line' id='line_1_28' title="bbox 258 2055 330 2093; baseline -0.028 0"><span class='ocrx_word' id='word_1_202' title='bbox 258 2055 330 2093; x_wconf 75' lang='lat'><strong>178</strong></span> 
     </span>
    </p>
   </div>
  </div>
 </body>
</html>
