1560 2294
731 80 937 121 CICERO

225 198 352 238 quam
376 184 549 236 amplius
574 182 754 231 afferret,
778 197 903 236 quam
927 184 1039 236 quod
1062 198 1277 224 causarum
1299 198 1441 226 neces·

224 250 325 287 sitas
350 247 582 299 postularet
596 259 607 293 ;
634 246 709 285 sed
734 249 865 285 maius
894 247 1092 299 quiddam
1118 247 1324 295 videbam,
1345 261 1440 288 cum

224 309 460 356 censebam,
482 314 703 355 oratorem,
724 311 970 361 praesertim
990 312 1034 347 in
1055 315 1195 349 nostra
1215 310 1440 363 republica,

225 372 373 411 nullius
388 374 621 411 ornamenti
636 377 853 423 expertem
868 385 957 410 esse
972 378 1177 424 oportere.
1205 372 1270 412 Tu
1283 379 1440 422 autem,

227 437 421 487 quoniam
452 437 612 487 exiguis
643 434 890 486 quibusdam
922 434 1070 474 finibus
1100 440 1238 474 totum
1268 439 1440 476 oratoris

225 511 374 536 munus
399 497 718 543 circumdedisti,
743 497 820 536 hoc
844 496 1002 536 facilius
1027 498 1143 537 nobis
1169 511 1351 550 expones
1376 512 1441 547 ea,

226 574 333 613 quae
350 561 423 599 abs
438 566 483 599 te
503 560 555 599 de
571 560 709 598 officiis
729 563 1044 613 praeceptisque
1064 563 1234 600 oratoris
1254 565 1442 614 quaesita

226 629 348 662 sunt:
377 623 466 670 sed,
482 625 639 674 opinor,
654 623 880 661 secundum
896 623 1004 661 hunc
1024 623 1147 662 diem.
1203 623 1311 663 Satis
1331 627 1441 664 enim

142 699 209 733 205
226 687 359 725 multa
383 700 408 724 a
431 687 548 725 nobis
572 685 695 725 hodie
719 685 832 725 dicta
855 691 965 725 sunt.
1020 686 1140 725 Nunc
1164 692 1209 726 et
1232 686 1441 735 Scaevola,

227 752 422 802 quoniam
451 751 495 787 in
523 748 801 787 Tusculanum
829 751 890 788 ire
920 751 1150 796 constituit,
1179 750 1349 802 paulum
1377 764 1441 791 re-

227 815 427 865 quiescet,
447 812 546 851 dum
564 825 608 850 se
627 811 737 850 calor
753 810 921 864 frangat
939 824 949 858 ;
983 817 1028 851 et
1045 825 1118 851 nos
1136 815 1228 864 ipsi,
1247 816 1440 866 quoniam

226 876 269 914 id
287 877 484 926 temporis
505 880 583 921 est,
602 874 829 913 valetudini
847 874 992 913 demus
1011 888 1192 927 operam.

278 938 438 977 Placuit
453 940 510 976 sic
524 938 726 976 omnibus.
781 937 887 976 Tum
902 937 1097 976 Scaevola
1115 952 1125 976 ε
1155 938 1277 985 Sane,
1290 941 1440 992 inquit,

225 1001 374 1040 vellem
401 1014 483 1040 non
509 1003 828 1046 constituissem,
854 1003 898 1038 in
922 1000 1198 1040 Tusculanum
1223 1015 1291 1040 me
1317 1001 1439 1042 hodie

226 1069 446 1103 venturum
466 1076 571 1109 esse,
592 1063 733 1102 Laelio
752 1076 762 1109 ;
795 1063 975 1102 libenter
993 1063 1179 1102 audirem
1198 1064 1438 1104 Antonium.

224 1126 295 1172 Et,
324 1140 418 1165 cum
452 1131 708 1178 exsurgeret,
737 1126 858 1164 simul
886 1126 1097 1166 arridens:
1139 1126 1286 1179 Neque
1316 1130 1440 1175 enim,

224 1192 372 1241 inquit,
386 1195 475 1228 tam
489 1188 589 1227 mihi
603 1188 801 1228 molestus
813 1188 908 1236 fuit,
922 1189 1034 1241 quod
1047 1192 1110 1228 ius
1125 1195 1310 1229 nostrum
1323 1191 1439 1230 civile

225 1251 428 1304 pervellit,
460 1265 585 1303 quam
618 1251 833 1298 iucundus,
864 1252 976 1304 quod
1008 1265 1053 1291 se
1085 1252 1129 1291 id
1158 1255 1315 1292 nescire
1345 1266 1440 1293 con-

225 1313 356 1354 fessus
376 1319 452 1353 est.

228 2054 245 2087 1
252 2052 302 2092 94
