1560 2294
758 108 963 149 CICERO

254 209 397 256 renda,
423 224 530 263 quae
560 218 604 251 et
632 212 685 251 ab
712 219 948 252 accusatore
978 219 1022 253 et
1051 227 1076 253 a
1101 213 1317 255 defensore
1343 229 1463 270 argu-

254 275 397 309 menta
430 271 484 309 ad
519 271 576 318 id,
610 272 721 323 quod
757 275 800 310 in
837 274 1031 313 iudicium
1069 277 1197 321 venit,
1230 280 1463 327 spectantia

189 324 191 326 ’
253 329 410 369 debent
430 330 574 369 afferri.

170 399 232 432 133
302 389 457 428 XXXI.
487 391 628 443 Atque
647 390 714 430 hic
731 391 833 431 illud
851 393 1074 432 videndum
1094 399 1172 441 est,
1190 397 1234 433 in
1252 409 1334 447 quo
1353 409 1461 436 sum-

250 462 340 487 mus
366 455 430 488 est
454 463 565 489 error
587 453 759 490 istorum
782 455 1085 504 magistrorum,
1110 454 1164 493 ad
1187 468 1288 506 quos
1311 455 1460 496 liberos

250 514 408 548 nostros
430 513 648 557 mittimus,
669 525 752 550 non
774 526 855 563 quo
877 511 954 551 hoc
975 514 1143 565 quidem
1166 514 1220 553 ad
1240 514 1459 555 dicendum

248 581 400 621 magno
419 583 544 621 opere
563 573 787 622 pertineat,
802 571 878 610 sed
896 578 1039 611 tamen
1058 579 1106 612 ut
1126 574 1299 613 videatis
1320 580 1460 628 quam¹

249 630 303 666 sit
324 642 456 681 genus
475 629 553 669 hoc
576 644 718 669 eorum
744 633 815 683 qui
841 632 917 670 sibi
945 632 1095 671 eruditi
1115 633 1306 672 videntur
1331 634 1458 674 hebes

249 693 376 740 atque
404 689 667 741 impolitum·
724 690 992 731 Constituunt
1023 695 1133 731 enim
1163 695 1206 731 in
1233 695 1458 746 partiendis

249 750 480 788 orationum
505 750 636 788 modis
664 750 746 789 duo
774 764 929 803 genera
952 765 1196 792 causarum:
1237 767 1366 793 unum
1389 767 1460 806 ap-

247 807 419 858 pellant,
449 812 492 847 in
522 823 603 862 quo
633 812 720 849 sine
750 814 933 862 personis
965 817 1091 864 atque
1121 814 1375 864 temporibus
1405 814 1459 853 de

247 870 435 907 universo
458 882 612 921 genere
637 876 888 921 quaeratur3
927 871 1117 918 alterum,
1141 873 1253 924 quod
1275 876 1458 924 personis

247 930 368 966 certis
396 933 440 967 et
468 930 723 981 temporibus
752 930 998 977 definiatur3
1038 934 1171 984 ignari
1196 946 1338 972 omnes
1364 946 1458 972 con-

246 990 463 1027 troversias
479 988 533 1027 ad
548 991 726 1028 universi
741 993 904 1042 generis
923 993 1006 1029 vim
1027 997 1071 1030 et
1090 997 1282 1031 naturam
1299 991 1455 1032 referri.

164 1056 227 1089 134
247 1046 353 1086 Nam
370 1050 413 1085 in
432 1061 482 1086 ea
499 1050 588 1100 ipsa
605 1062 742 1095 causa,
757 1049 810 1088 de
829 1063 912 1102 qua
927 1055 1025 1089 ante
1044 1050 1143 1097 dixi,
1159 1051 1260 1090 nihil
1273 1055 1457 1104 pertinet

245 1107 299 1145 ad
327 1110 497 1146 oratoris
530 1108 638 1147 locos
668 1109 821 1160 Opimii
850 1123 1039 1161 persona,
1068 1110 1168 1149 nihil
1202 1111 1333 1150 Decii.
1390 1112 1456 1151 De

244 1169 331 1218 ipso
374 1170 562 1206 universo
604 1181 759 1220 genere
802 1169 963 1208 infinita
1005 1173 1193 1222 quaestio
1237 1177 1314 1217 est,
1357 1185 1455 1211 num

243 1239 378 1277 poena
394 1227 583 1266 videatur
603 1241 692 1267 esse
712 1228 960 1275 afficiendus,
977 1232 1047 1281 qui
1067 1233 1199 1269 civem
1219 1244 1271 1269 ex
1287 1237 1454 1270 senatus

243 1286 429 1325 consulto
470 1289 630 1339 patriae
677 1289 980 1327 conservandae
1023 1303 1146 1328 causa
1182 1293 1454 1338 interemerit,

243 1360 337 1385 cum
369 1346 414 1385 id
445 1360 520 1398 per
551 1347 665 1399 leges
698 1362 781 1387 non
813 1348 968 1388 liceret.
1027 1349 1149 1388 Nulla
1176 1350 1356 1402 denique
1390 1357 1454 1390 est

243 1419 379 1452 causa,
407 1409 451 1444 in
480 1420 563 1459 qua
595 1407 651 1454 id,
680 1408 792 1460 quod
823 1411 866 1447 in
898 1409 1093 1448 iudicium
1130 1413 1258 1456 venit,
1290 1423 1452 1450 reorum

242 1469 424 1517 personis
437 1481 484 1506 ac
496 1481 579 1505 non
590 1480 790 1519 generum
801 1471 982 1520 ipsorum
994 1471 1182 1508 universa
1194 1470 1452 1510 dubitatione

162 1536 224 1569 135
243 1532 477 1578 quaeratur.
533 1526 644 1575 Quin
673 1530 800 1566 etiam
835 1530 878 1566 in
914 1531 972 1568 eis
1006 1531 1118 1580 ipsis,
1147 1530 1217 1568 ubi
1253 1529 1306 1568 de
1341 1529 1452 1570 facto

244 1586 481 1638 ambigitur,
533 1590 744 1638 ceperitne
797 1590 991 1640 pecunias
1045 1594 1188 1627 contra
1239 1589 1352 1642 leges
1406 1589 1451 1629 P.

244 1645 411 1692 Decius,
434 1652 679 1699 argumenta
701 1652 746 1686 et
766 1650 981 1686 criminum
1003 1653 1047 1687 et
1069 1647 1316 1688 defensionis
1338 1662 1452 1688 revo-

243 1711 389 1744 centur
410 1711 576 1757 oportet
598 1706 651 1745 ad
672 1720 803 1759 genus
833 1713 877 1746 et
905 1707 958 1746 ad
980 1713 1170 1746 naturam
1193 1711 1448 1749 universam:

244 1765 355 1816 quod
383 1771 659 1817 sumptuosus,
684 1766 737 1805 de
760 1766 936 1814 luxurie,
954 1767 1066 1819 quod
1090 1767 1211 1806 alieni
1235 1774 1451 1820 appetens,

243 1825 296 1863 de
321 1828 505 1871 avaritia,
529 1826 641 1878 quod
664 1826 895 1874 seditiosus,
918 1827 971 1866 de
995 1827 1243 1866 turbulentis
1267 1833 1313 1867 et
1334 1828 1451 1868 malis

610 1931 624 1952 ¹
647 1943 758 1975 quam
773 1933 941 1968 Piderit:
966 1933 1083 1976 quale.

501 1975 516 1996 ¹
541 1976 662 2019 [hebes
678 1980 787 2020 atque
803 1976 1021 2021 impolitum]
1039 1978 1190 2020 Kayser.

246 2071 325 2114 294
