1560 2294
742 103 946 144 CICERO

236 203 289 243 de
322 218 403 257 quo
438 207 565 245 etiam
598 209 771 258 scripsit,
802 207 811 221 ‘
827 208 1013 248 Persium
1041 224 1124 249 non
1152 225 1248 251 curo
1276 212 1416 266 legere
1434 213 1445 229 '

237 269 317 321 (hic
341 273 451 309 enim
475 270 569 318 fuit,
589 277 637 310 ut
660 286 865 320 noramus,
891 277 1074 314 omnium
1099 275 1187 316 fere
1213 283 1443 320 nostrorum

234 334 444 374 hominum
483 336 772 391 doctissimus),
806 338 815 353 ‘
835 338 1023 379 Laelium
1059 341 1292 383 Decumum
1324 345 1414 384 volo
1433 345 1442 359 '

234 404 374 453 (quem
393 405 656 454 cognovimus
676 406 807 443 virum
830 405 999 452 bonum,
1019 412 1064 445 et
1082 420 1165 446 non
1186 408 1441 458 illiteratum,

232 466 306 505 sed
333 466 433 505 nihil
461 467 514 506 ad
543 467 771 523 Persium):
800 472 857 508 sic
886 484 978 523 ego,
1006 474 1040 510 si
1067 474 1150 512 iam
1177 473 1278 513 mihi
1305 475 1442 528 dispu-

231 532 405 571 tandum
421 535 475 571 sit
491 532 543 572 de
559 533 622 572 his
638 537 786 573 nostris
803 536 962 583 studiis,
979 537 1105 577 nolim
1122 539 1315 591 equidem
1331 542 1441 593 apud

230 600 415 644 rusticos,
436 598 510 637 sed
529 599 660 638 multo
680 603 814 639 minus
836 602 947 653 apud
966 616 1036 642 vos
1055 616 1065 649 ;
1099 604 1208 643 malo
1229 608 1338 644 enim
1358 620 1440 646 non

229 663 416 716 intellegi
434 667 663 704 orationem
681 679 833 712 meam,
853 680 978 719 quam
995 668 1254 720 reprehendi.
1388 674 1394 680 '

167 736 211 769 26
281 729 375 767 VII.
405 729 511 769 Tum
537 730 712 770 Caesar:
744 732 964 784 Equidem,
990 736 1139 787 inquit,
1169 735 1331 784 Catule,
1356 741 1438 778 iam

228 794 328 833 mihi
347 795 487 834 videor
505 809 676 835 navasse
696 810 879 848 operam,
899 799 1010 850 quod
1028 799 1108 838 huc
1126 805 1323 848 venerim,
1342 817 1438 843 nam

227 859 330 899 haec
349 863 437 912 ipsa
455 864 659 900 recusatio
679 862 967 914 disputationis
988 865 1213 917 disputatio
1233 869 1437 919 quaedam

226 924 306 964 fuit
334 926 434 965 mihi
463 927 631 978 quidem
659 929 925 979 periucunda.
981 929 1063 969 Sed
1091 944 1163 970 cur
1190 933 1436 984 impedimus

226 991 469 1038 Antonium,
496 995 610 1031 cuius
637 993 759 1032 audio
787 1007 876 1033 esse
902 1001 1057 1046 partes,
1083 1002 1132 1036 ut
1157 997 1210 1036 de
1237 1003 1328 1038 tota
1354 1000 1436 1039 elo-

226 1060 397 1109 quentia
421 1057 608 1104 disserat,
633 1072 842 1111 quemque
865 1061 1107 1101 iamdudum
1131 1062 1256 1102 Cotta
1280 1069 1324 1103 et
1347 1064 1435 1104 Sul-

164 1138 207 1172 27
224 1125 352 1174 picius
373 1129 618 1174 exspectant
636 1124 651 1162 ?
705 1124 796 1177 Ego
815 1139 925 1172 vero,
944 1129 1079 1179 inquit
1098 1127 1280 1175 Crassus,
1299 1143 1435 1183 neque

224 1188 453 1227 Antonium
468 1189 639 1228 verbum
655 1188 791 1229 facere
807 1194 956 1242 patiar,
974 1198 1018 1230 et
1033 1195 1121 1244 ipse
1137 1194 1435 1243 obmutescam,

224 1256 300 1292 nisi
338 1257 449 1305 prius
487 1267 512 1292 a
550 1255 663 1293 vobis
701 1258 925 1307 impetraro
944 1281 996 1286 —
1016 1257 1254 1306 Quidnam?
1300 1263 1434 1313 inquit

224 1319 407 1358 Catulus.
467 1320 527 1359 Ut
552 1319 618 1358 hic
644 1323 731 1359 sitis
757 1320 893 1360 hodie.
950 1322 1070 1370 Tum,
1099 1337 1193 1363 cum
1220 1325 1289 1364 ille
1317 1326 1433 1366 dubi-

223 1390 348 1431 taret,
364 1384 475 1437 quod
494 1385 547 1424 ad
561 1384 733 1424 fratrem
748 1390 1006 1438 promiserat,
1021 1389 1126 1442 Ego,
1141 1392 1277 1442 inquit
1293 1390 1432 1439 Iulius,

222 1463 296 1502 pro
329 1456 506 1502 utroque
539 1452 781 1503 respondeo.
839 1452 904 1491 Sic
933 1452 1157 1500 faciemus3
1195 1461 1322 1508 atque
1352 1460 1432 1496 ista

223 1516 391 1568 quidem
421 1516 670 1563 conditione,
701 1517 766 1557 vel
795 1523 844 1557 ut
873 1519 1044 1558 verbum
1075 1520 1231 1560 nullum
1261 1520 1431 1570 faceres,

221 1594 289 1620 me
307 1586 485 1620 teneres.

161 1662 204 1694 23
274 1647 353 1686 Hic
365 1646 535 1686 Catulus
549 1650 703 1694 arrisit3
732 1654 776 1687 et
790 1649 934 1688 simul:
959 1649 1431 1705 Praecisa,inquit,mih.i

222 1712 390 1764 quidem
416 1713 621 1752 dubitatio
646 1719 724 1760 est,
747 1718 942 1766 quoniam
964 1729 1101 1768 neque
1125 1717 1235 1756 domi
1258 1721 1432 1770 impera-

221 1791 323 1824 ram,
357 1783 402 1817 et
434 1778 513 1825 hic,
548 1779 658 1830 apud
696 1793 820 1831 quem
859 1794 971 1820 eram
1003 1780 1180 1829 futurus,
1213 1786 1300 1823 sine
1337 1798 1431 1824 mea

221 1846 430 1882 sententia
459 1850 548 1883 tam
581 1843 700 1883 facile
733 1848 931 1897 promisit.
986 1847 1092 1886 Tum
1122 1862 1263 1888 omnes
1294 1850 1429 1890 oculos

323 2013 340 2030 ⁸
361 2010 534 2045 Romaim
551 2011 595 2054 of
607 2010 679 2045 Old
695 2011 805 2045 Latin
823 2011 1000 2056 (L.C.L.).
1018 2014 1067 2047 iii.
1084 2025 1144 2057 pp.
1163 2016 1323 2048 209-208.

219 2075 296 2110 216
