1560 2294
707 103 911 143 CICERO

202 209 429 259 quaeritur,
449 207 548 259 quid
563 209 617 246 sit
633 220 711 253 ars,
727 207 827 259 quid
845 209 899 245 sit
918 207 1000 252 lex,
1016 206 1115 258 quid
1130 209 1184 245 sit
1198 208 1355 253 civitas,
1369 208 1413 245 in

205 269 352 320 quibus
371 267 449 306 hoc
469 270 670 319 praecipit
689 270 794 306 ratio
813 273 940 319 atque
961 267 1160 313 doctrina,
1180 272 1228 306 ut
1247 269 1306 306 vis
1327 269 1414 306 eius

204 332 263 367 rei
296 342 420 380 quam
459 328 630 367 definias
666 331 722 366 sic
756 331 1010 380 exprimatur
1047 333 1095 366 ut
1132 341 1269 380 neque
1307 328 1415 367 absit

122 405 186 438 109
205 392 421 441 quicquam
440 402 576 441 neque
592 391 781 440 supersit.
824 388 946 437 Quod
961 388 1129 440 quidem
1144 391 1187 427 in
1204 388 1274 427 illa
1292 402 1416 427 causa

205 463 341 502 neque
358 449 557 501 Sulpicius
577 448 678 488 fecit
697 463 833 501 neque
855 463 933 502 ego
952 448 1089 488 facere
1109 454 1279 488 conatus
1299 461 1416 495 sum3

204 524 301 549 nam
330 516 533 562 quantum
561 516 738 561 uterque
767 516 953 548 nostrum
981 513 1132 561 potuit,
1164 512 1276 548 omni
1299 513 1416 561 copia

205 571 368 610 dicendi
401 571 604 617 dilatavit,
637 571 738 623 quid
773 576 883 610 esset
917 573 1182 609 maiestatem
1215 573 1414 610 minuere.

205 632 374 670 Etenim
399 631 585 670 definitio
610 634 788 682 primum
813 630 1063 682 reprehenso
1087 631 1211 669 verbo
1244 645 1323 670 uno
1343 636 1417 670 aut

207 693 349 731 addito
378 698 452 731 aut
480 692 651 743 dempto
682 705 807 743 saepe
841 697 1114 743 extorquetur
1146 705 1170 730 e
1202 693 1418 739 manibus3

207 753 358 792 deinde
391 765 545 805 genere
578 755 667 804 ipso
701 752 930 791 doctrinam
963 751 1124 791 redolet
1158 755 1417 791 exercitatio-

207 826 387 864 nemque
413 826 547 864 paene
575 812 807 864 puerilem;
843 818 934 851 tum
965 818 1009 851 et
1036 815 1080 850 in
1108 825 1273 850 sensum
1303 818 1347 851 et
1374 815 1417 851 in

206 879 393 912 mentem
415 873 558 911 iudicis
581 875 735 911 intrare
759 886 842 911 non
864 878 1019 924 potest,
1046 878 1144 911 ante
1169 875 1278 911 enim
1301 886 1419 924 prae-

207 934 440 979 terlabitur,
460 947 585 985 quam
603 938 802 984 percepta
821 938 898 972 est.

125 1009 189 1042 110
259 993 411 1032 XXVI.
441 992 523 1032 Sed
549 996 593 1031 in
622 1006 671 1032 eo
700 1006 868 1045 genere,
892 996 936 1031 in
964 1006 1046 1045 quo
1075 992 1195 1044 quale
1225 995 1278 1031 sit
1306 993 1420 1045 quid,

208 1055 444 1107 ambigitur,
475 1056 636 1092 exsistit
670 1057 797 1092 etiam
827 1067 879 1092 ex
909 1056 1048 1105 scripti
1076 1056 1419 1105 interpretatione

208 1128 333 1166 saepe
371 1117 597 1160 contentio,
624 1117 667 1152 in
705 1128 786 1166 quo
824 1114 935 1152 nulla
972 1119 1112 1165 potest
1143 1127 1232 1152 esse
1261 1117 1338 1152 nisi
1367 1128 1419 1153 ex

209 1176 402 1227 ambiguo
421 1177 707 1213 controversia.
757 1174 863 1213 Nam
882 1174 983 1212 illud
1001 1177 1149 1226 ipsum,
1168 1174 1279 1226 quod
1297 1178 1420 1227 scrip-

210 1241 300 1274 tum
333 1249 358 1274 a
390 1237 599 1274 sententia
636 1235 855 1286 discrepat,
888 1248 1018 1287 genus
1052 1235 1260 1286 quoddam
1292 1235 1420 1276 habet

210 1296 422 1348 ambigui3
453 1295 564 1347 quod
586 1301 677 1333 tum
701 1295 942 1346 explicatur,
962 1308 1055 1333 cum
1079 1308 1130 1333 ea
1154 1296 1294 1342 verba,
1313 1309 1420 1348 quae

211 1355 375 1401 desunt,
413 1360 611 1407 suggesta
653 1360 763 1401 sunt,
801 1355 948 1407 quibus
991 1355 1142 1394 additis
1184 1354 1422 1394 defenditur

211 1418 462 1454 sententiam
481 1417 621 1466 scripti
639 1417 897 1466 perspicuam
915 1413 1053 1453 fuisse.
1109 1414 1173 1453 Ex
1193 1418 1422 1454 contrariis·

212 1490 293 1528 que
332 1478 490 1527 scriptis
524 1478 558 1514 si
591 1475 690 1527 quid
724 1476 959 1528 ambigitur,
993 1489 1075 1514 non
1107 1489 1258 1514 novum
1290 1490 1421 1529 genus

212 1540 408 1583 nascitur,
445 1536 520 1575 sed
557 1539 775 1588 superioris
814 1539 976 1588 generis
1015 1550 1139 1575 causa
1176 1536 1421 1589 duplicatur.

213 1597 344 1649 quue
366 1602 440 1636 aut
458 1609 685 1648 numquam
699 1596 911 1635 diiudicari
931 1599 1087 1648 poterit
1105 1602 1179 1635 aut
1197 1599 1258 1635 ita
1276 1597 1423 1636 diiudi-

210 1659 385 1704 cabitur,
406 1663 454 1696 ut
482 1656 707 1696 referendis
735 1660 970 1708 praeteritis
991 1658 1124 1696 verbis
1147 1657 1190 1696 id
1211 1660 1422 1709 scriptum,

213 1718 500 1770 quodcumque
539 1716 824 1763 defendemus,
862 1717 1115 1769 suppleatur.
1176 1717 1242 1756 Ita
1279 1717 1341 1764 fit,
1373 1723 1422 1757 ut

213 1792 339 1817 unum
373 1792 504 1831 genus
536 1781 579 1816 in
612 1781 671 1817 eis
704 1781 850 1824 causis,
879 1791 985 1830 quae
1019 1784 1188 1830 propter
1224 1781 1420 1830 scriptum

215 1840 493 1891 ambiguntur,
534 1838 803 1890 relinquatur,
844 1841 877 1877 si
922 1844 986 1877 est
1027 1841 1223 1890 scriptum
1267 1839 1421 1891 aliquid

214 1901 420 1952 ambigue.

132 1979 194 2013 111
269 1961 569 2012 Ambiguorum
595 1964 736 1998 autem
756 1973 849 1998 cum
875 1958 992 2011 plura
1011 1972 1165 2013 genera
1183 1964 1294 2006 sunt,
1314 1972 1421 2013 quae

214 2062 288 2098 278
