1560 2294
756 89 961 129 CICERO

255 201 353 235 ante
380 208 505 247 quam
531 194 585 233 ad
610 193 850 232 discendum
875 195 1046 245 ingressi
1074 207 1227 240 sumus,
1253 194 1461 234 obruimur

255 268 480 306 ambitione
508 271 552 304 et
578 264 695 311 foro3
738 267 791 303 sit
818 270 961 303 tamen
986 267 1029 303 in
1055 278 1100 304 re
1126 267 1307 317 positum
1333 271 1460 319 atque

192 351 235 384 95
254 344 414 376 natura.
469 337 560 389 Ego
601 338 724 382 enim,
762 341 963 388 quantum
1001 349 1178 388 auguror
1213 339 1460 384 coniectura,

255 415 494 461 quantaque
520 409 687 460 ingenia
711 410 755 445 in
780 409 928 445 nostris
954 406 1185 446 hominibus
1213 421 1302 447 esse
1327 408 1461 454 video,

254 494 336 519 non
365 480 538 531 despero
566 477 654 517 fore
684 478 863 530 aliquem
892 477 1125 530 aliquando,
1154 481 1224 531 qui
1253 484 1298 518 et
1325 479 1461 518 studio

255 554 421 597 acriore,
451 564 576 602 quam
604 563 677 588 nos
707 563 846 588 sumus
876 555 1003 601 atque
1031 548 1197 596 fuimus,
1227 556 1272 590 et
1299 553 1384 590 otio
1413 564 1461 589 ac

254 621 454 661 facultate
491 621 674 660 discendi
707 623 860 659 maiore
895 634 942 659 ac
975 623 1212 667 maturiore,
1246 627 1291 660 et
1321 621 1461 660 labore

255 699 382 746 atque
419 693 620 731 industria
658 694 880 744 superiore,
912 705 1006 730 cum
1039 705 1083 730 se
1115 692 1168 731 ad
1198 693 1461 739 audiendum,

254 764 491 817 legendum,
526 763 869 815 scribendumque
905 763 1124 810 dediderit,
1161 766 1334 802 exsistat
1368 764 1461 803 talis

253 842 404 882 orator,
445 835 610 888 qualem
657 837 919 886 quaerimus;
974 837 1044 886 qui
1082 837 1171 874 iure
1210 848 1293 874 non
1332 835 1461 874 solum

253 908 444 953 disertus,
465 906 539 945 sed
560 909 687 945 etiam
709 906 904 958 eloquens
925 906 1004 944 dici
1023 909 1152 958 possit
1171 920 1180 945 ε
1215 909 1286 959 qui
1306 912 1461 954 tamen,

253 992 347 1017 mea
370 980 592 1024 sententia,
617 985 690 1016 aut
717 977 783 1016 hic
807 982 871 1016 est
893 979 976 1016 iam
999 977 1181 1024 Crassus,
1205 983 1292 1023 aut,
1315 981 1348 1016 si
1371 981 1461 1030 quis

253 1053 340 1102 pari
369 1049 496 1088 fuerit
523 1051 689 1102 ingenio
717 1048 917 1100 pluraque
951 1062 1076 1100 quam
1108 1048 1174 1088 hic
1207 1054 1252 1087 et
1285 1049 1460 1088 audierit

254 1127 299 1160 et
315 1121 513 1159 lectitarit
534 1126 578 1158 et
597 1123 817 1171 scripserit,
834 1119 1002 1171 paulum
1022 1119 1116 1158 huic
1136 1120 1289 1172 aliquid
1307 1123 1462 1172 poterit

254 1193 418 1231 addere.

191 1277 234 1311 9ss
306 1264 395 1302 Hoc
430 1263 518 1302 loco
548 1262 776 1314 Sulpicius:
825 1262 1057 1314 Insperanti
1091 1252 1214 1309 mihi,
1237 1266 1385 1316 inquit,
1418 1269 1463 1303 et

255 1335 419 1380 Cottae,
447 1334 520 1373 sed
547 1334 665 1373 valde
693 1337 856 1385 optanti
882 1337 1047 1386 utrique
1074 1340 1273 1381 nostrum,
1300 1335 1461 1382 cecidit,

254 1412 302 1445 ut
322 1409 364 1444 in
384 1409 509 1444 istum
530 1419 774 1451 sermonem,
795 1405 954 1451 Crasse,
975 1405 1280 1444 delaberemini.
1336 1406 1462 1446 Nobis

255 1480 364 1516 enim
384 1477 464 1516 huc
484 1477 743 1516 venientibus
765 1476 988 1515 iucundum
1008 1479 1106 1515 satis
1125 1475 1214 1515 fore
1233 1477 1463 1524 videbatur,

254 1552 301 1595 si,
325 1562 419 1587 cum
443 1562 512 1587 vos
546 1548 598 1587 de
632 1549 754 1586 rebus
789 1547 875 1586 aliis
909 1547 1192 1599 loqueremini,
1220 1553 1363 1587 tamen
1390 1563 1463 1588 nos

255 1620 408 1671 aliquid
432 1633 484 1658 ex
504 1632 691 1658 sermone
711 1625 848 1658 vestro
867 1621 1064 1657 memoria
1084 1619 1254 1671 dignum
1274 1623 1463 1672 excipere

254 1704 465 1742 possemus
484 1704 493 1729 ε
526 1696 573 1728 ut
590 1704 685 1729 vero
704 1693 869 1742 penitus
886 1693 927 1728 in
946 1703 1037 1728 eam
1054 1693 1184 1741 ipsam
1201 1693 1328 1730 totius
1344 1691 1463 1731 huius

254 1762 318 1800 vel
348 1762 486 1807 studii,
515 1761 580 1800 vel
610 1761 782 1807 artificii,
811 1761 875 1799 vel
903 1760 1111 1800 facultatis
1141 1761 1461 1813 disputationem

254 1846 386 1884 paene
430 1836 617 1871 intimam
650 1835 932 1884 perveniretis,
973 1836 1038 1870 vix
1082 1833 1309 1884 optandum
1347 1834 1462 1873 nobis

191 1918 233 1951 97
256 1904 483 1942 videbatur.
540 1904 629 1956 Ego
670 1906 794 1950 enim,
829 1906 897 1956 qui
935 1904 987 1942 ab
1023 1906 1192 1942 ineunte
1229 1910 1369 1943 aetate
1403 1907 1463 1943 in-

256 1989 400 2014 census
428 1988 559 2013 essem
586 1975 722 2014 studio
748 1978 960 2027 utriusque
988 1981 1183 2022 vestrum,
1209 1975 1340 2014 Crassi
1369 1989 1463 2016 vero

254 2059 303 2095 68
