<?xml version="1.0" encoding="UTF-8"?>
<!DOCTYPE html PUBLIC "-//W3C//DTD XHTML 1.0 Transitional//EN"
    "http://www.w3.org/TR/xhtml1/DTD/xhtml1-transitional.dtd">
<html xmlns="http://www.w3.org/1999/xhtml" xml:lang="en" lang="en">
 <head>
  <title>
</title>
<meta http-equiv="Content-Type" content="text/html;charset=utf-8" />
  <meta name='ocr-system' content='tesseract 3.04.00' />
  <meta name='ocr-capabilities' content='ocr_page ocr_carea ocr_par ocr_line ocrx_word'/>
</head>
<body>
  <div class='ocr_page' id='page_1' title='image "./cicerodeoratore01ciceuoft_0470.png"; bbox 0 0 1560 2294; ppageno 0'>
   <div class='ocr_carea' id='block_1_1' title="bbox 752 119 956 158">
    <p class='ocr_par' dir='ltr' id='par_1_1' title="bbox 752 119 956 158">
     <span class='ocr_line' id='line_1_1' title="bbox 752 119 956 158; baseline 0 0"><span class='ocrx_word' id='word_1_1' title='bbox 752 119 956 158; x_wconf 89' lang='lat' dir='ltr'>CICERO</span> 
     </span>
    </p>
   </div>
   <div class='ocr_carea' id='block_1_2' title="bbox 165 221 1466 1974">
    <p class='ocr_par' dir='ltr' id='par_1_2' title="bbox 165 221 1466 1974">
     <span class='ocr_line' id='line_1_2' title="bbox 249 221 1459 276; baseline -0.003 -13"><span class='ocrx_word' id='word_1_2' title='bbox 249 230 349 276; x_wconf 87' lang='lat' dir='ltr'><strong>apta</strong></span> <span class='ocrx_word' id='word_1_3' title='bbox 363 225 511 271; x_wconf 86' lang='lat' dir='ltr'><strong>verbis,</strong></span> <span class='ocrx_word' id='word_1_4' title='bbox 525 230 616 264; x_wconf 91' lang='lat' dir='ltr'><strong>tum</strong></span> <span class='ocrx_word' id='word_1_5' title='bbox 635 236 732 262; x_wconf 89' lang='lat' dir='ltr'><strong>vero</strong></span> <span class='ocrx_word' id='word_1_6' title='bbox 751 236 966 261; x_wconf 86' lang='lat' dir='ltr'><strong>causarum</strong></span> <span class='ocrx_word' id='word_1_7' title='bbox 984 224 1148 274; x_wconf 87' lang='lat' dir='ltr'><strong>propria</strong></span> <span class='ocrx_word' id='word_1_8' title='bbox 1168 234 1257 260; x_wconf 90' lang='lat' dir='ltr'><strong>esse</strong></span> <span class='ocrx_word' id='word_1_9' title='bbox 1277 221 1459 266; x_wconf 81' lang='lat' dir='ltr'><strong>debent3</strong></span> 
     </span>
     <span class='ocr_line' id='line_1_3' title="bbox 249 291 1459 346; baseline -0.003 -12"><span class='ocrx_word' id='word_1_10' title='bbox 249 298 381 346; x_wconf 88' lang='lat' dir='ltr'><strong>prima</strong></span> <span class='ocrx_word' id='word_1_11' title='bbox 401 301 465 334; x_wconf 91' lang='lat' dir='ltr'><strong>est</strong></span> <span class='ocrx_word' id='word_1_12' title='bbox 491 297 602 334; x_wconf 90' lang='lat' dir='ltr'><strong>enim</strong></span> <span class='ocrx_word' id='word_1_13' title='bbox 627 296 744 346; x_wconf 86' lang='lat' dir='ltr'>quasi</span> <span class='ocrx_word' id='word_1_14' title='bbox 773 296 953 346; x_wconf 82' lang='lat' dir='ltr'>cognitio</span> <span class='ocrx_word' id='word_1_15' title='bbox 979 298 1024 332; x_wconf 94' lang='lat' dir='ltr'><strong>et</strong></span> <span class='ocrx_word' id='word_1_16' title='bbox 1049 291 1352 331; x_wconf 89' lang='lat' dir='ltr'><strong>commendatio</strong></span> <span class='ocrx_word' id='word_1_17' title='bbox 1371 304 1459 330; x_wconf 89' lang='lat' dir='ltr'><strong>ora-</strong></span> 
     </span>
     <span class='ocr_line' id='line_1_4' title="bbox 248 361 1460 418; baseline -0.003 -14"><span class='ocrx_word' id='word_1_18' title='bbox 248 369 371 405; x_wconf 83' lang='lat' dir='ltr'>tionis</span> <span class='ocrx_word' id='word_1_19' title='bbox 390 369 432 404; x_wconf 89' lang='lat' dir='ltr'><strong>in</strong></span> <span class='ocrx_word' id='word_1_20' title='bbox 450 368 663 418; x_wconf 89' lang='lat' dir='ltr'><strong>principio,</strong></span> <span class='ocrx_word' id='word_1_21' title='bbox 682 378 872 416; x_wconf 90' lang='lat' dir='ltr'><strong>quaeque</strong></span> <span class='ocrx_word' id='word_1_22' title='bbox 900 366 1094 403; x_wconf 88' lang='lat' dir='ltr'><strong>continuo</strong></span> <span class='ocrx_word' id='word_1_23' title='bbox 1123 376 1219 402; x_wconf 92' lang='lat' dir='ltr'><strong>eum</strong></span> <span class='ocrx_word' id='word_1_24' title='bbox 1247 365 1317 414; x_wconf 90' lang='lat' dir='ltr'><strong>qui</strong></span> <span class='ocrx_word' id='word_1_25' title='bbox 1343 361 1460 401; x_wconf 88' lang='lat' dir='ltr'><strong>audit</strong></span> 
     </span>
     <span class='ocr_line' id='line_1_5' title="bbox 165 433 1459 488; baseline -0.006 -9"><span class='ocrx_word' id='word_1_26' title='bbox 165 446 232 480; x_wconf 84' lang='lat'><strong>316</strong></span> <span class='ocrx_word' id='word_1_27' title='bbox 249 436 503 488; x_wconf 84' lang='lat' dir='ltr'>permulcere</span> <span class='ocrx_word' id='word_1_28' title='bbox 532 442 659 488; x_wconf 92' lang='lat' dir='ltr'><strong>atque</strong></span> <span class='ocrx_word' id='word_1_29' title='bbox 687 435 848 474; x_wconf 83' lang='lat' dir='ltr'>allicere</span> <span class='ocrx_word' id='word_1_30' title='bbox 880 435 1020 473; x_wconf 86' lang='lat' dir='ltr'><strong>debet.</strong></span> <span class='ocrx_word' id='word_1_31' title='bbox 1082 434 1132 472; x_wconf 90' lang='lat' dir='ltr'><strong>In</strong></span> <span class='ocrx_word' id='word_1_32' title='bbox 1159 446 1241 486; x_wconf 94' lang='lat' dir='ltr'><strong>quo</strong></span> <span class='ocrx_word' id='word_1_33' title='bbox 1269 433 1459 471; x_wconf 89' lang='lat' dir='ltr'><strong>admirari</strong></span> 
     </span>
     <span class='ocr_line' id='line_1_6' title="bbox 250 504 1460 559; baseline -0.003 -13"><span class='ocrx_word' id='word_1_34' title='bbox 250 507 360 546; x_wconf 88' lang='lat' dir='ltr'><strong>soleo</strong></span> <span class='ocrx_word' id='word_1_35' title='bbox 379 521 463 546; x_wconf 91' lang='lat' dir='ltr'><strong>non</strong></span> <span class='ocrx_word' id='word_1_36' title='bbox 483 507 676 559; x_wconf 89' lang='lat' dir='ltr'><strong>equidem</strong></span> <span class='ocrx_word' id='word_1_37' title='bbox 698 509 798 545; x_wconf 90' lang='lat' dir='ltr'><strong>istos</strong></span> <span class='ocrx_word' id='word_1_38' title='bbox 825 508 895 558; x_wconf 92' lang='lat' dir='ltr'><strong>qui</strong></span> <span class='ocrx_word' id='word_1_39' title='bbox 918 505 1072 543; x_wconf 85' lang='lat' dir='ltr'><strong>nullam</strong></span> <span class='ocrx_word' id='word_1_40' title='bbox 1096 504 1192 543; x_wconf 91' lang='lat' dir='ltr'><strong>huic</strong></span> <span class='ocrx_word' id='word_1_41' title='bbox 1209 507 1268 542; x_wconf 91' lang='lat' dir='ltr'><strong>rei</strong></span> <span class='ocrx_word' id='word_1_42' title='bbox 1292 517 1460 556; x_wconf 83' lang='lat' dir='ltr'>operam</span> 
     </span>
     <span class='ocr_line' id='line_1_7' title="bbox 251 575 1460 628; baseline -0.003 -11"><span class='ocrx_word' id='word_1_43' title='bbox 251 578 471 624; x_wconf 86' lang='lat' dir='ltr'><strong>dederunt,</strong></span> <span class='ocrx_word' id='word_1_44' title='bbox 504 578 578 617; x_wconf 91' lang='lat' dir='ltr'><strong>sed</strong></span> <span class='ocrx_word' id='word_1_45' title='bbox 610 577 820 616; x_wconf 90' lang='lat' dir='ltr'><strong>hominem</strong></span> <span class='ocrx_word' id='word_1_46' title='bbox 853 579 896 615; x_wconf 90' lang='lat' dir='ltr'><strong>in</strong></span> <span class='ocrx_word' id='word_1_47' title='bbox 927 579 1067 628; x_wconf 91' lang='lat' dir='ltr'><strong>primis</strong></span> <span class='ocrx_word' id='word_1_48' title='bbox 1101 575 1301 614; x_wconf 82' lang='lat' dir='ltr'><strong>disertum</strong></span> <span class='ocrx_word' id='word_1_49' title='bbox 1334 580 1460 626; x_wconf 89' lang='lat' dir='ltr'><strong>atque</strong></span> 
     </span>
     <span class='ocr_line' id='line_1_8' title="bbox 252 645 1463 700; baseline -0.004 -12"><span class='ocrx_word' id='word_1_50' title='bbox 252 650 474 696; x_wconf 90' lang='lat' dir='ltr'><strong>eruditum,</strong></span> <span class='ocrx_word' id='word_1_51' title='bbox 493 648 742 700; x_wconf 90' lang='lat' dir='ltr'><strong>Philippum,</strong></span> <span class='ocrx_word' id='word_1_52' title='bbox 761 650 831 700; x_wconf 91' lang='lat' dir='ltr'><strong>qui</strong></span> <span class='ocrx_word' id='word_1_53' title='bbox 857 650 917 686; x_wconf 88' lang='lat' dir='ltr'><strong>ita</strong></span> <span class='ocrx_word' id='word_1_54' title='bbox 942 647 1048 685; x_wconf 89' lang='lat' dir='ltr'><strong>solet</strong></span> <span class='ocrx_word' id='word_1_55' title='bbox 1066 659 1234 699; x_wconf 86' lang='lat' dir='ltr'><strong>surgere</strong></span> <span class='ocrx_word' id='word_1_56' title='bbox 1254 645 1307 684; x_wconf 91' lang='lat' dir='ltr'><strong>ad</strong></span> <span class='ocrx_word' id='word_1_57' title='bbox 1325 645 1463 684; x_wconf 88' lang='lat' dir='ltr'><strong>dicen-</strong></span> 
     </span>
     <span class='ocr_line' id='line_1_9' title="bbox 251 717 1462 772; baseline -0.002 -13"><span class='ocrx_word' id='word_1_58' title='bbox 251 721 350 760; x_wconf 92' lang='lat' dir='ltr'><strong>dum</strong></span> <span class='ocrx_word' id='word_1_59' title='bbox 363 726 411 759; x_wconf 94' lang='lat' dir='ltr'><strong>ut</strong></span> <span class='ocrx_word' id='word_1_60' title='bbox 425 719 536 772; x_wconf 93' lang='lat' dir='ltr'><strong>quod</strong></span> <span class='ocrx_word' id='word_1_61' title='bbox 547 722 725 771; x_wconf 90' lang='lat' dir='ltr'><strong>primum</strong></span> <span class='ocrx_word' id='word_1_62' title='bbox 740 719 911 758; x_wconf 88' lang='lat' dir='ltr'><strong>verbum</strong></span> <span class='ocrx_word' id='word_1_63' title='bbox 925 717 1140 756; x_wconf 88' lang='lat' dir='ltr'><strong>habiturus</strong></span> <span class='ocrx_word' id='word_1_64' title='bbox 1153 720 1207 756; x_wconf 90' lang='lat' dir='ltr'><strong>sit</strong></span> <span class='ocrx_word' id='word_1_65' title='bbox 1221 719 1398 763; x_wconf 80' lang='lat' dir='ltr'><strong>nesciat3</strong></span> <span class='ocrx_word' id='word_1_66' title='bbox 1418 721 1462 756; x_wconf 88' lang='lat' dir='ltr'><strong>et</strong></span> 
     </span>
     <span class='ocr_line' id='line_1_10' title="bbox 251 787 1462 837; baseline -0.003 -7"><span class='ocrx_word' id='word_1_67' title='bbox 251 794 311 830; x_wconf 88' lang='lat' dir='ltr'><strong>ait</strong></span> <span class='ocrx_word' id='word_1_68' title='bbox 329 791 455 837; x_wconf 89' lang='lat' dir='ltr'><strong>idem,</strong></span> <span class='ocrx_word' id='word_1_69' title='bbox 470 804 564 830; x_wconf 91' lang='lat' dir='ltr'><strong>cum</strong></span> <span class='ocrx_word' id='word_1_70' title='bbox 583 789 796 829; x_wconf 85' lang='lat' dir='ltr'><strong>brachium</strong></span> <span class='ocrx_word' id='word_1_71' title='bbox 815 787 1143 835; x_wconf 85' lang='lat' dir='ltr'><strong>concalefecerit,</strong></span> <span class='ocrx_word' id='word_1_72' title='bbox 1157 793 1249 827; x_wconf 89' lang='lat' dir='ltr'><strong>tum</strong></span> <span class='ocrx_word' id='word_1_73' title='bbox 1267 801 1312 826; x_wconf 90' lang='lat' dir='ltr'><strong>se</strong></span> <span class='ocrx_word' id='word_1_74' title='bbox 1331 787 1462 826; x_wconf 88' lang='lat' dir='ltr'><strong>solere</strong></span> 
     </span>
     <span class='ocr_line' id='line_1_11' title="bbox 251 858 1462 915; baseline -0.004 -14"><span class='ocrx_word' id='word_1_75' title='bbox 251 875 437 915; x_wconf 85' lang='lat' dir='ltr'><strong>pugnare</strong></span> <span class='ocrx_word' id='word_1_76' title='bbox 456 875 466 908; x_wconf 91' lang='lat'>;</span> <span class='ocrx_word' id='word_1_77' title='bbox 499 875 636 913; x_wconf 90' lang='lat' dir='ltr'><strong>neque</strong></span> <span class='ocrx_word' id='word_1_78' title='bbox 663 861 846 900; x_wconf 87' lang='lat' dir='ltr'><strong>attendit</strong></span> <span class='ocrx_word' id='word_1_79' title='bbox 875 873 944 899; x_wconf 93' lang='lat' dir='ltr'><strong>eos</strong></span> <span class='ocrx_word' id='word_1_80' title='bbox 973 862 1081 911; x_wconf 88' lang='lat' dir='ltr'><strong>ipsos</strong></span> <span class='ocrx_word' id='word_1_81' title='bbox 1108 859 1218 898; x_wconf 91' lang='lat' dir='ltr'><strong>unde</strong></span> <span class='ocrx_word' id='word_1_82' title='bbox 1237 858 1314 897; x_wconf 94' lang='lat' dir='ltr'><strong>hoc</strong></span> <span class='ocrx_word' id='word_1_83' title='bbox 1332 858 1462 897; x_wconf 91' lang='lat' dir='ltr'><strong>simile</strong></span> 
     </span>
     <span class='ocr_line' id='line_1_12' title="bbox 252 929 1464 984; baseline -0.004 -12"><span class='ocrx_word' id='word_1_84' title='bbox 252 934 378 972; x_wconf 89' lang='lat' dir='ltr'><strong>ducat</strong></span> <span class='ocrx_word' id='word_1_85' title='bbox 410 935 561 984; x_wconf 88' lang='lat' dir='ltr'><strong>primas</strong></span> <span class='ocrx_word' id='word_1_86' title='bbox 594 932 682 970; x_wconf 89' lang='lat' dir='ltr'><strong>illas</strong></span> <span class='ocrx_word' id='word_1_87' title='bbox 711 931 852 970; x_wconf 87' lang='lat' dir='ltr'><strong>hastas</strong></span> <span class='ocrx_word' id='word_1_88' title='bbox 890 933 951 970; x_wconf 89' lang='lat' dir='ltr'><strong>ita</strong></span> <span class='ocrx_word' id='word_1_89' title='bbox 986 934 1140 969; x_wconf 86' lang='lat' dir='ltr'><strong>iactare</strong></span> <span class='ocrx_word' id='word_1_90' title='bbox 1167 929 1318 968; x_wconf 88' lang='lat' dir='ltr'><strong>leniter</strong></span> <span class='ocrx_word' id='word_1_91' title='bbox 1343 935 1392 968; x_wconf 92' lang='lat' dir='ltr'><strong>ut</strong></span> <span class='ocrx_word' id='word_1_92' title='bbox 1419 935 1464 968; x_wconf 91' lang='lat' dir='ltr'><strong>et</strong></span> 
     </span>
     <span class='ocr_line' id='line_1_13' title="bbox 253 1001 1463 1052; baseline -0.004 -9"><span class='ocrx_word' id='word_1_93' title='bbox 253 1006 461 1043; x_wconf 89' lang='lat' dir='ltr'><strong>venustati</strong></span> <span class='ocrx_word' id='word_1_94' title='bbox 479 1003 544 1042; x_wconf 91' lang='lat' dir='ltr'><strong>vel</strong></span> <span class='ocrx_word' id='word_1_95' title='bbox 560 1005 740 1041; x_wconf 83' lang='lat' dir='ltr'><strong>maxime</strong></span> <span class='ocrx_word' id='word_1_96' title='bbox 757 1004 938 1041; x_wconf 83' lang='lat' dir='ltr'><strong>serviant</strong></span> <span class='ocrx_word' id='word_1_97' title='bbox 965 1007 1009 1040; x_wconf 89' lang='lat' dir='ltr'><strong>et</strong></span> <span class='ocrx_word' id='word_1_98' title='bbox 1031 1001 1197 1052; x_wconf 90' lang='lat' dir='ltr'><strong>reliquis</strong></span> <span class='ocrx_word' id='word_1_99' title='bbox 1214 1001 1365 1039; x_wconf 88' lang='lat' dir='ltr'><strong>viribus</strong></span> <span class='ocrx_word' id='word_1_100' title='bbox 1381 1003 1463 1039; x_wconf 88' lang='lat' dir='ltr'><strong>suis</strong></span> 
     </span>
     <span class='ocr_line' id='line_1_14' title="bbox 168 1071 1465 1126; baseline -0.008 -5"><span class='ocrx_word' id='word_1_101' title='bbox 168 1088 234 1121; x_wconf 85' lang='lat'><strong>317</strong></span> <span class='ocrx_word' id='word_1_102' title='bbox 253 1075 479 1114; x_wconf 81' lang='lat' dir='ltr'><strong>consulant.</strong></span> <span class='ocrx_word' id='word_1_103' title='bbox 536 1074 683 1126; x_wconf 89' lang='lat' dir='ltr'><strong>Neque</strong></span> <span class='ocrx_word' id='word_1_104' title='bbox 720 1079 784 1112; x_wconf 90' lang='lat' dir='ltr'><strong>est</strong></span> <span class='ocrx_word' id='word_1_105' title='bbox 821 1073 992 1112; x_wconf 92' lang='lat' dir='ltr'><strong>dubium</strong></span> <span class='ocrx_word' id='word_1_106' title='bbox 1030 1075 1130 1124; x_wconf 88' lang='lat' dir='ltr'><strong>quin</strong></span> <span class='ocrx_word' id='word_1_107' title='bbox 1161 1071 1374 1110; x_wconf 84' lang='lat' dir='ltr'><strong>exordium</strong></span> <span class='ocrx_word' id='word_1_108' title='bbox 1405 1071 1465 1111; x_wconf 79' lang='lat' dir='ltr'><strong>di-</strong></span> 
     </span>
     <span class='ocr_line' id='line_1_15' title="bbox 254 1142 1465 1196; baseline -0.002 -11"><span class='ocrx_word' id='word_1_109' title='bbox 254 1146 374 1185; x_wconf 89' lang='lat' dir='ltr'><strong>cendi</strong></span> <span class='ocrx_word' id='word_1_110' title='bbox 388 1145 611 1184; x_wconf 84' lang='lat' dir='ltr'><strong>vehemens</strong></span> <span class='ocrx_word' id='word_1_111' title='bbox 626 1150 671 1183; x_wconf 90' lang='lat' dir='ltr'><strong>et</strong></span> <span class='ocrx_word' id='word_1_112' title='bbox 684 1157 853 1196; x_wconf 87' lang='lat' dir='ltr'><strong>pugnax</strong></span> <span class='ocrx_word' id='word_1_113' title='bbox 867 1157 950 1182; x_wconf 91' lang='lat' dir='ltr'><strong>non</strong></span> <span class='ocrx_word' id='word_1_114' title='bbox 964 1156 1088 1194; x_wconf 90' lang='lat' dir='ltr'><strong>saepe</strong></span> <span class='ocrx_word' id='word_1_115' title='bbox 1105 1155 1194 1181; x_wconf 90' lang='lat' dir='ltr'><strong>esse</strong></span> <span class='ocrx_word' id='word_1_116' title='bbox 1209 1142 1376 1188; x_wconf 89' lang='lat' dir='ltr'><strong>debeat,</strong></span> <span class='ocrx_word' id='word_1_117' title='bbox 1390 1143 1465 1182; x_wconf 88' lang='lat' dir='ltr'><strong>sed</strong></span> 
     </span>
     <span class='ocr_line' id='line_1_16' title="bbox 255 1212 1465 1268; baseline -0.002 -12"><span class='ocrx_word' id='word_1_118' title='bbox 255 1220 288 1256; x_wconf 91' lang='lat' dir='ltr'><strong>si</strong></span> <span class='ocrx_word' id='word_1_119' title='bbox 311 1220 354 1255; x_wconf 91' lang='lat' dir='ltr'><strong>in</strong></span> <span class='ocrx_word' id='word_1_120' title='bbox 378 1219 466 1268; x_wconf 92' lang='lat' dir='ltr'><strong>ipso</strong></span> <span class='ocrx_word' id='word_1_121' title='bbox 496 1216 564 1254; x_wconf 93' lang='lat' dir='ltr'><strong>illo</strong></span> <span class='ocrx_word' id='word_1_122' title='bbox 597 1215 841 1268; x_wconf 86' lang='lat' dir='ltr'><strong>gladiatorio</strong></span> <span class='ocrx_word' id='word_1_123' title='bbox 865 1217 975 1253; x_wconf 88' lang='lat' dir='ltr'><strong>vitae</strong></span> <span class='ocrx_word' id='word_1_124' title='bbox 1001 1216 1226 1252; x_wconf 86' lang='lat' dir='ltr'><strong>certamine</strong></span> <span class='ocrx_word' id='word_1_125' title='bbox 1251 1227 1333 1265; x_wconf 92' lang='lat' dir='ltr'><strong>quo</strong></span> <span class='ocrx_word' id='word_1_126' title='bbox 1356 1212 1465 1253; x_wconf 85' lang='lat' dir='ltr'><strong>ferro</strong></span> 
     </span>
     <span class='ocr_line' id='line_1_17' title="bbox 255 1284 1464 1338; baseline -0.002 -11"><span class='ocrx_word' id='word_1_127' title='bbox 255 1288 490 1327; x_wconf 89' lang='lat' dir='ltr'><strong>decernitur</strong></span> <span class='ocrx_word' id='word_1_128' title='bbox 509 1292 652 1325; x_wconf 88' lang='lat' dir='ltr'><strong>tamen</strong></span> <span class='ocrx_word' id='word_1_129' title='bbox 671 1291 770 1324; x_wconf 91' lang='lat' dir='ltr'><strong>ante</strong></span> <span class='ocrx_word' id='word_1_130' title='bbox 794 1298 1057 1338; x_wconf 86' lang='lat' dir='ltr'><strong>congressum</strong></span> <span class='ocrx_word' id='word_1_131' title='bbox 1082 1284 1214 1323; x_wconf 87' lang='lat' dir='ltr'><strong>multa</strong></span> <span class='ocrx_word' id='word_1_132' title='bbox 1234 1284 1338 1323; x_wconf 89' lang='lat' dir='ltr'><strong>fiunt</strong></span> <span class='ocrx_word' id='word_1_133' title='bbox 1357 1298 1464 1337; x_wconf 88' lang='lat' dir='ltr'><strong>quae</strong></span> 
     </span>
     <span class='ocr_line' id='line_1_18' title="bbox 253 1355 1465 1408; baseline -0.002 -11"><span class='ocrx_word' id='word_1_134' title='bbox 253 1372 336 1398; x_wconf 91' lang='lat' dir='ltr'><strong>non</strong></span> <span class='ocrx_word' id='word_1_135' title='bbox 351 1358 404 1397; x_wconf 88' lang='lat' dir='ltr'><strong>ad</strong></span> <span class='ocrx_word' id='word_1_136' title='bbox 418 1357 563 1397; x_wconf 89' lang='lat' dir='ltr'><strong>vulnus</strong></span> <span class='ocrx_word' id='word_1_137' title='bbox 578 1357 652 1396; x_wconf 94' lang='lat' dir='ltr'><strong>sed</strong></span> <span class='ocrx_word' id='word_1_138' title='bbox 671 1357 725 1395; x_wconf 89' lang='lat' dir='ltr'><strong>ad</strong></span> <span class='ocrx_word' id='word_1_139' title='bbox 744 1359 924 1408; x_wconf 88' lang='lat' dir='ltr'><strong>speciem</strong></span> <span class='ocrx_word' id='word_1_140' title='bbox 941 1355 1077 1394; x_wconf 88' lang='lat' dir='ltr'><strong>valere</strong></span> <span class='ocrx_word' id='word_1_141' title='bbox 1092 1355 1294 1401; x_wconf 84' lang='lat' dir='ltr'><strong>videatur,</strong></span> <span class='ocrx_word' id='word_1_142' title='bbox 1309 1361 1465 1407; x_wconf 85' lang='lat' dir='ltr'><strong>quanto</strong></span> 
     </span>
     <span class='ocr_line' id='line_1_19' title="bbox 253 1426 1464 1482; baseline -0.003 -14"><span class='ocrx_word' id='word_1_143' title='bbox 253 1429 330 1468; x_wconf 93' lang='lat' dir='ltr'><strong>hoc</strong></span> <span class='ocrx_word' id='word_1_144' title='bbox 347 1431 479 1482; x_wconf 87' lang='lat' dir='ltr'><strong>magis</strong></span> <span class='ocrx_word' id='word_1_145' title='bbox 496 1431 539 1466; x_wconf 94' lang='lat' dir='ltr'><strong>in</strong></span> <span class='ocrx_word' id='word_1_146' title='bbox 556 1431 742 1467; x_wconf 88' lang='lat' dir='ltr'><strong>oratione</strong></span> <span class='ocrx_word' id='word_1_147' title='bbox 762 1433 826 1466; x_wconf 90' lang='lat' dir='ltr'><strong>est</strong></span> <span class='ocrx_word' id='word_1_148' title='bbox 843 1426 1130 1478; x_wconf 89' lang='lat' dir='ltr'><strong>spectandum,</strong></span> <span class='ocrx_word' id='word_1_149' title='bbox 1147 1429 1190 1464; x_wconf 93' lang='lat' dir='ltr'><strong>in</strong></span> <span class='ocrx_word' id='word_1_150' title='bbox 1207 1439 1290 1478; x_wconf 93' lang='lat' dir='ltr'><strong>qua</strong></span> <span class='ocrx_word' id='word_1_151' title='bbox 1307 1439 1389 1465; x_wconf 90' lang='lat' dir='ltr'><strong>non</strong></span> <span class='ocrx_word' id='word_1_152' title='bbox 1406 1429 1464 1465; x_wconf 89' lang='lat' dir='ltr'><strong>vis</strong></span> 
     </span>
     <span class='ocr_line' id='line_1_20' title="bbox 254 1496 1464 1553; baseline -0.003 -14"><span class='ocrx_word' id='word_1_153' title='bbox 254 1503 391 1553; x_wconf 86' lang='lat' dir='ltr'><strong>potius</strong></span> <span class='ocrx_word' id='word_1_154' title='bbox 407 1514 531 1553; x_wconf 88' lang='lat' dir='ltr'><strong>quam</strong></span> <span class='ocrx_word' id='word_1_155' title='bbox 546 1499 769 1538; x_wconf 88' lang='lat' dir='ltr'><strong>delectatio</strong></span> <span class='ocrx_word' id='word_1_156' title='bbox 784 1497 1017 1550; x_wconf 88' lang='lat' dir='ltr'><strong>postulatur</strong></span> <span class='ocrx_word' id='word_1_157' title='bbox 1032 1497 1039 1535; x_wconf 93' lang='lat'>!</span> <span class='ocrx_word' id='word_1_158' title='bbox 1083 1496 1194 1535; x_wconf 92' lang='lat' dir='ltr'><strong>Nihil</strong></span> <span class='ocrx_word' id='word_1_159' title='bbox 1208 1503 1273 1536; x_wconf 91' lang='lat' dir='ltr'><strong>est</strong></span> <span class='ocrx_word' id='word_1_160' title='bbox 1286 1497 1464 1550; x_wconf 90' lang='lat' dir='ltr'><strong>denique</strong></span> 
     </span>
     <span class='ocr_line' id='line_1_21' title="bbox 255 1568 1466 1620; baseline -0.002 -10"><span class='ocrx_word' id='word_1_161' title='bbox 255 1574 298 1610; x_wconf 91' lang='lat' dir='ltr'><strong>in</strong></span> <span class='ocrx_word' id='word_1_162' title='bbox 327 1577 476 1610; x_wconf 87' lang='lat' dir='ltr'><strong>natura</strong></span> <span class='ocrx_word' id='word_1_163' title='bbox 504 1583 642 1609; x_wconf 90' lang='lat' dir='ltr'><strong>rerum</strong></span> <span class='ocrx_word' id='word_1_164' title='bbox 675 1572 858 1608; x_wconf 90' lang='lat' dir='ltr'><strong>omnium</strong></span> <span class='ocrx_word' id='word_1_165' title='bbox 894 1568 1005 1620; x_wconf 91' lang='lat' dir='ltr'><strong>quod</strong></span> <span class='ocrx_word' id='word_1_166' title='bbox 1038 1581 1082 1606; x_wconf 90' lang='lat' dir='ltr'><strong>se</strong></span> <span class='ocrx_word' id='word_1_167' title='bbox 1112 1570 1346 1607; x_wconf 86' lang='lat' dir='ltr'><strong>universum</strong></span> <span class='ocrx_word' id='word_1_168' title='bbox 1374 1582 1466 1620; x_wconf 94' lang='lat' dir='ltr'><strong>pro-</strong></span> 
     </span>
     <span class='ocr_line' id='line_1_22' title="bbox 257 1639 1465 1691; baseline -0.002 -11"><span class='ocrx_word' id='word_1_169' title='bbox 257 1641 406 1681; x_wconf 87' lang='lat' dir='ltr'><strong>fundat</strong></span> <span class='ocrx_word' id='word_1_170' title='bbox 440 1645 499 1680; x_wconf 86' lang='lat' dir='ltr'><strong>et¹</strong></span> <span class='ocrx_word' id='word_1_171' title='bbox 525 1646 662 1680; x_wconf 87' lang='lat' dir='ltr'><strong>totum</strong></span> <span class='ocrx_word' id='word_1_172' title='bbox 690 1645 865 1691; x_wconf 89' lang='lat' dir='ltr'><strong>repente</strong></span> <span class='ocrx_word' id='word_1_173' title='bbox 895 1639 1167 1678; x_wconf 88' lang='lat' dir='ltr'><strong>evolvat—sic</strong></span> <span class='ocrx_word' id='word_1_174' title='bbox 1194 1641 1332 1677; x_wconf 87' lang='lat' dir='ltr'><strong>omnia</strong></span> <span class='ocrx_word' id='word_1_175' title='bbox 1358 1652 1465 1691; x_wconf 83' lang='lat' dir='ltr'><strong>quae</strong></span> 
     </span>
     <span class='ocr_line' id='line_1_23' title="bbox 258 1709 1465 1764; baseline -0.002 -13"><span class='ocrx_word' id='word_1_176' title='bbox 258 1713 363 1751; x_wconf 81' lang='lat' dir='ltr'><strong>fiunt</strong></span> <span class='ocrx_word' id='word_1_177' title='bbox 382 1725 572 1764; x_wconf 92' lang='lat' dir='ltr'><strong>quaeque</strong></span> <span class='ocrx_word' id='word_1_178' title='bbox 593 1716 773 1764; x_wconf 88' lang='lat' dir='ltr'><strong>aguntur</strong></span> <span class='ocrx_word' id='word_1_179' title='bbox 798 1713 994 1749; x_wconf 88' lang='lat' dir='ltr'><strong>acerrime</strong></span> <span class='ocrx_word' id='word_1_180' title='bbox 1020 1709 1241 1748; x_wconf 89' lang='lat' dir='ltr'><strong>lenioribus</strong></span> <span class='ocrx_word' id='word_1_181' title='bbox 1259 1712 1465 1762; x_wconf 87' lang='lat' dir='ltr'><strong>principiis</strong></span> 
     </span>
     <span class='ocr_line' id='line_1_24' title="bbox 173 1779 1466 1834; baseline -0.004 -10"><span class='ocrx_word' id='word_1_182' title='bbox 173 1793 239 1826; x_wconf 84' lang='lat'><strong>318</strong></span> <span class='ocrx_word' id='word_1_183' title='bbox 257 1789 406 1822; x_wconf 88' lang='lat' dir='ltr'><strong>natura</strong></span> <span class='ocrx_word' id='word_1_184' title='bbox 420 1786 509 1834; x_wconf 89' lang='lat' dir='ltr'><strong>ipsa</strong></span> <span class='ocrx_word' id='word_1_185' title='bbox 527 1784 777 1834; x_wconf 86' lang='lat' dir='ltr'><strong>praetexuit.</strong></span> <span class='ocrx_word' id='word_1_186' title='bbox 834 1781 950 1819; x_wconf 92' lang='lat' dir='ltr'><strong>Haec</strong></span> <span class='ocrx_word' id='word_1_187' title='bbox 969 1785 1111 1819; x_wconf 91' lang='lat' dir='ltr'><strong>autem</strong></span> <span class='ocrx_word' id='word_1_188' title='bbox 1130 1782 1173 1818; x_wconf 89' lang='lat' dir='ltr'><strong>in</strong></span> <span class='ocrx_word' id='word_1_189' title='bbox 1191 1779 1365 1819; x_wconf 83' lang='lat' dir='ltr'><strong>dicendo</strong></span> <span class='ocrx_word' id='word_1_190' title='bbox 1384 1794 1466 1820; x_wconf 88' lang='lat' dir='ltr'><strong>non</strong></span> 
     </span>
     <span class='ocr_line' id='line_1_25' title="bbox 259 1851 1466 1904; baseline -0.002 -11"><span class='ocrx_word' id='word_1_191' title='bbox 259 1857 513 1893; x_wconf 85' lang='lat' dir='ltr'><strong>extrinsecus</strong></span> <span class='ocrx_word' id='word_1_192' title='bbox 529 1852 716 1891; x_wconf 86' lang='lat' dir='ltr'><strong>alicunde</strong></span> <span class='ocrx_word' id='word_1_193' title='bbox 733 1851 970 1904; x_wconf 90' lang='lat' dir='ltr'><strong>quaerenda</strong></span> <span class='ocrx_word' id='word_1_194' title='bbox 985 1851 1058 1889; x_wconf 88' lang='lat' dir='ltr'><strong>sed</strong></span> <span class='ocrx_word' id='word_1_195' title='bbox 1074 1864 1126 1889; x_wconf 85' lang='lat' dir='ltr'><strong>ex</strong></span> <span class='ocrx_word' id='word_1_196' title='bbox 1137 1853 1234 1902; x_wconf 90' lang='lat' dir='ltr'><strong>ipsis</strong></span> <span class='ocrx_word' id='word_1_197' title='bbox 1246 1851 1466 1890; x_wconf 85' lang='lat' dir='ltr'><strong>visceribus</strong></span> 
     </span>
     <span class='ocr_line' id='line_1_26' title="bbox 258 1923 1466 1974; baseline -0.002 -11"><span class='ocrx_word' id='word_1_198' title='bbox 258 1938 406 1963; x_wconf 91' lang='lat' dir='ltr'><strong>causae</strong></span> <span class='ocrx_word' id='word_1_199' title='bbox 419 1923 620 1963; x_wconf 86' lang='lat' dir='ltr'><strong>sumenda</strong></span> <span class='ocrx_word' id='word_1_200' title='bbox 632 1929 729 1962; x_wconf 87' lang='lat' dir='ltr'><strong>sunt</strong></span> <span class='ocrx_word' id='word_1_201' title='bbox 744 1936 754 1968; x_wconf 89' lang='lat'>;</span> <span class='ocrx_word' id='word_1_202' title='bbox 780 1923 928 1961; x_wconf 92' lang='lat' dir='ltr'><strong>idcirco</strong></span> <span class='ocrx_word' id='word_1_203' title='bbox 944 1927 1035 1960; x_wconf 88' lang='lat' dir='ltr'><strong>tota</strong></span> <span class='ocrx_word' id='word_1_204' title='bbox 1049 1934 1172 1960; x_wconf 89' lang='lat' dir='ltr'><strong>causa</strong></span> <span class='ocrx_word' id='word_1_205' title='bbox 1183 1926 1466 1974; x_wconf 83' lang='lat' dir='ltr'><strong>pertemptata</strong></span> 
     </span>
    </p>
   </div>
   <div class='ocr_carea' id='block_1_3' title="bbox 256 2016 1055 2119">
    <p class='ocr_par' dir='ltr' id='par_1_3' title="bbox 256 2016 1055 2119">
     <span class='ocr_line' id='line_1_27' title="bbox 666 2016 1055 2061; baseline -0.003 -9"><span class='ocrx_word' id='word_1_206' title='bbox 666 2016 682 2039; x_wconf 82' lang='lat'>²</span> <span class='ocrx_word' id='word_1_207' title='bbox 703 2018 844 2061; x_wconf 72' lang='lat' dir='ltr'><strong>Kayser</strong></span> <span class='ocrx_word' id='word_1_208' title='bbox 858 2030 870 2052; x_wconf 92' lang='lat'><em>:</em></span> <span class='ocrx_word' id='word_1_209' title='bbox 894 2020 930 2051; x_wconf 85' lang='lat' dir='ltr'><strong>et</strong></span> <span class='ocrx_word' id='word_1_210' title='bbox 945 2016 1055 2060; x_wconf 87' lang='lat' dir='ltr'><strong>quod.</strong></span> 
     </span>
     <span class='ocr_line' id='line_1_28' title="bbox 256 2083 332 2119; baseline 0 0"><span class='ocrx_word' id='word_1_211' title='bbox 256 2083 332 2119; x_wconf 78' lang='lat'><strong>438</strong></span> 
     </span>
    </p>
   </div>
  </div>
 </body>
</html>
