1560 2294
744 95 948 135 CICERO

240 198 360 245 dixit,
383 199 457 237 sed
487 202 574 250 ipse
606 204 650 237 et
680 201 822 245 sensit,
847 204 891 237 et
918 198 1030 237 fecit.
1086 198 1193 237 Nam
1224 213 1318 238 cum
1341 204 1452 238 esset

240 264 308 302 ille
341 267 401 302 vir
439 264 689 315 exemplum,
721 269 769 302 ut
807 266 932 310 scitis,
966 266 1241 311 innocentiae,
1274 278 1451 316 cumque

240 329 308 368 illo
340 343 461 368 nemo
492 342 628 381 neque
659 331 858 381 integrior
889 335 1000 368 esset
1029 332 1072 367 in
1102 331 1284 376 civitate,
1315 343 1451 382 neque

242 398 432 441 sanctior,
452 409 534 433 non
552 395 674 433 modo
694 395 867 446 supplex
887 395 1087 433 iudicibus
1107 408 1196 434 esse
1215 395 1360 442 noluit,
1378 395 1451 435 sed

241 474 294 499 ne
320 463 502 499 ornatius
529 460 711 512 quidem,
738 466 811 499 aut
835 461 1001 499 liberius
1027 474 1193 499 causam
1218 460 1298 499 dici
1322 474 1453 508 suam,

241 540 366 579 quam
391 526 565 577 simplex
589 529 695 564 ratio
720 528 905 564 veritatis
930 525 1106 564 ferebat.
1162 525 1335 565 Paulum
1358 526 1452 566 huic

242 591 391 630 Cottae
439 592 585 630 tribuit
631 594 826 643 partium,
874 591 1139 630 disertissimo
1188 591 1452 638 adolescenti,

242 660 386 696 sororis
410 670 508 695 suae
534 657 626 695 filio.
684 657 803 695 Dixit
825 659 928 695 item
951 670 1117 695 causam
1139 657 1251 696 illam
1274 657 1452 710 quadam

242 736 295 762 ex
317 728 437 774 parte
458 722 508 770 Q.
533 722 710 768 Mucius,
730 735 843 761 more
867 735 956 769 suo,
976 722 1087 761 nullo
1115 728 1332 775 apparatu,
1351 736 1452 774 pure

242 794 287 827 et
306 788 494 827 dilucide.

157 873 224 907 230
294 853 416 902 Quod
445 856 478 892 si
506 859 554 892 tu
582 858 696 900 tunc,
726 853 885 900 Crasse,
914 853 1100 900 dixisses,
1129 856 1199 905 qui
1228 854 1454 894 subsidium

242 922 392 958 oratori
434 932 485 957 ex
527 919 604 957 illis
647 919 994 970 disputationibus
1036 920 1184 971 quibus
1226 919 1452 972 philosophi

242 991 430 1031 utuntur,
462 985 515 1023 ad
547 985 709 1023 dicendi
748 987 908 1036 copiam
945 985 1174 1036 petendum
1209 998 1299 1023 esse
1332 985 1454 1036 paulo

242 1057 340 1089 ante
369 1051 563 1096 dicebas3
607 1056 664 1096 et,
693 1053 726 1089 si
754 1051 831 1089 tibi
858 1064 933 1102 pro
961 1049 1006 1089 P.
1037 1050 1190 1089 Rutilio
1218 1064 1300 1089 non
1326 1050 1455 1102 philo·

243 1116 462 1168 sophorum
491 1129 619 1162 more,
648 1115 722 1154 sed
751 1122 824 1154 tuo
852 1115 1034 1154 licuisset
1061 1115 1227 1155 dicere:
1270 1119 1455 1168 quamvis

243 1182 431 1221 scelerati
459 1181 516 1219 illi
544 1180 733 1227 fuissent,
761 1183 881 1219 sicuti
908 1180 1091 1227 fuerunt,
1118 1181 1305 1233 pestiferi
1333 1184 1455 1229 cives,

243 1247 523 1299 supplicioque
559 1247 702 1298 digni3
752 1252 895 1285 tamen
930 1260 1095 1285 omnem
1131 1260 1272 1286 eorum
1306 1250 1455 1299 impor-

243 1315 468 1352 tunitatem
488 1326 540 1351 ex
558 1314 712 1351 intimis
731 1313 940 1351 mentibus
961 1312 1167 1351 evellisset
1184 1315 1243 1351 vis
1261 1315 1455 1353 orationis

244 1384 356 1417 tuae.
412 1378 530 1416 Nunc
565 1378 658 1416 talis
693 1380 753 1416 vir
788 1381 958 1416 amissus
997 1383 1075 1424 est,
1105 1377 1204 1416 dum
1241 1391 1364 1417 causa
1395 1381 1456 1418 ita

244 1445 407 1490 dicitur,
422 1450 470 1483 ut
490 1446 523 1482 si
543 1446 586 1482 in
605 1443 675 1482 illa
694 1446 980 1482 commentitia
1001 1443 1182 1482 Platonis
1203 1446 1371 1483 civitate
1389 1457 1455 1484 res

246 1515 451 1562 ageretur.
508 1509 640 1548 Nemo
669 1511 887 1561 ingemuit,
911 1522 1033 1547 nemo
1062 1508 1297 1548 inclamavit
1318 1515 1456 1562 patro-

245 1589 404 1621 norum,
422 1574 521 1613 nihil
539 1577 730 1626 cuiquam
748 1574 893 1620 doluit,
910 1588 1032 1613 nemo
1051 1579 1115 1613 est
1132 1580 1317 1626 questus,
1334 1588 1456 1615 nemo

244 1641 539 1692 rempublicam
577 1640 824 1691 imploravit,
863 1653 985 1678 nemo
1024 1640 1278 1692 supplicavit.
1345 1639 1456 1689 Quid

245 1706 376 1744 multa
393 1706 409 1744 ?
445 1706 596 1757 pedem
617 1719 739 1744 nemo
760 1708 802 1743 in
822 1705 891 1744 illo
914 1705 1063 1744 iudicio
1084 1705 1298 1757 supplosit,
1319 1706 1455 1753 credo,

246 1785 298 1810 ne
317 1771 462 1810 Stoicis
481 1774 801 1809 renuntiaretur.

162 1857 224 1891 231
299 1836 405 1875 LIV.
437 1836 628 1874 Imitatus
664 1842 728 1874 est
761 1835 882 1874 homo
917 1835 1124 1874 Romanus
1158 1841 1203 1874 et
1235 1835 1455 1875 consularis

248 1907 431 1940 veterem
451 1902 565 1940 illum
582 1901 807 1947 Socratem,
827 1904 911 1953 qui,
927 1915 1020 1940 cum
1039 1903 1221 1939 omnium
1242 1904 1456 1953 sapientis-

247 1970 371 2005 simus
406 1973 517 2006 esset
550 1969 888 2020 sanctissimeque
922 1969 1105 2014 vixisset,
1138 1969 1198 2006 ita
1231 1969 1274 2006 in
1307 1967 1455 2006 iudicio

249 2061 325 2097 164
