1560 2294
758 98 961 139 CICERO

191 206 237 242 10
305 200 384 239 III.
414 201 502 241 Nec
531 216 627 242 vero
655 207 714 249 te,
743 205 949 241 carissime
978 201 1108 241 frater
1136 208 1263 255 atque
1292 203 1462 253 optime,

251 271 463 311 rhetoricis
494 287 603 312 nunc
633 273 879 326 quibusdam
909 274 1036 320 libris,
1066 287 1168 326 quos
1199 279 1247 312 tu
1277 277 1461 326 agrestes

251 348 388 394 putas,
414 346 607 397 insequor
632 350 681 383 ut
707 345 920 384 erudiam:
962 345 1062 397 quid
1088 347 1197 384 enim
1223 350 1298 384 tua
1322 348 1461 396 potest

252 417 438 455 oratione
461 421 535 454 aut
553 416 757 462 subtilius,
778 421 851 455 aut
875 419 1058 455 ornatius
1084 429 1174 455 esse
1191 416 1207 455 ?
1262 414 1358 462 Sed,
1376 417 1460 453 sive

251 486 415 533 iudicio,
433 492 481 525 ut
499 487 604 526 soles
623 487 774 534 dicere,
792 490 892 534 sive,
910 493 959 526 ut
975 487 1043 526 ille
1061 492 1183 539 pater
1200 487 1461 539 eloquentiae

251 556 305 596 de
336 570 380 596 se
413 557 614 598 Isocrates
645 561 807 610 scripsit
835 561 939 610 ipse,
969 558 1127 611 pudore
1158 571 1183 597 a
1213 557 1387 597 dicendo
1418 562 1463 596 et

252 628 478 668 timiditate
509 632 690 682 ingenua
721 630 900 682 quadam
930 629 1134 682 refugisti,
1165 632 1265 676 sive,
1296 635 1344 668 ut
1373 631 1461 680 ipse

252 701 375 738 iocari
393 700 518 747 soleo,
533 714 662 740 unum
679 704 837 753 putasti
855 704 954 741 satis
973 715 1062 740 esse
1081 715 1164 740 non
1180 701 1303 740 modo
1320 703 1364 739 in
1380 713 1463 739 una

253 769 408 810 familia
438 771 663 819 rhetorem,
695 772 770 811 sed
801 786 935 824 paene
967 775 1011 811 in
1042 778 1134 812 tota
1165 775 1348 819 civitate,
1380 784 1463 811 non

251 848 394 882 tamen
414 844 588 883 arbitror
605 844 682 883 tibi
699 843 773 883 hos
791 844 914 883 libros
931 847 975 882 in
993 857 1043 883 eo
1060 843 1148 883 fore
1166 856 1334 896 genere,
1352 842 1463 896 quod

250 917 413 961 merito,
441 920 612 966 propter
640 928 796 962 eorum,
825 918 895 968 qui
924 915 976 954 de
1005 915 1168 954 dicendi
1195 917 1355 954 ratione
1383 914 1462 953 dis-

249 991 465 1037 putarunt,
488 989 750 1025 ieiunitatem
778 987 979 1026 bonarum
1002 989 1166 1033 artium,
1184 988 1314 1038 possit
1333 985 1460 1024 illudi.

189 1061 229 1095 11
251 1056 361 1095 Nihil
384 1059 494 1096 enim
512 1057 613 1096 mihi
635 1058 804 1110 quidem
822 1058 986 1098 videtur
1007 1060 1050 1096 in
1069 1057 1203 1096 Crassi
1225 1063 1270 1096 et
1291 1057 1461 1096 Antonii

250 1141 439 1167 sermone
470 1142 559 1168 esse
589 1131 877 1181 praeteritum,
907 1129 1019 1181 quod
1049 1131 1265 1181 quisquam
1294 1131 1461 1167 summis

251 1202 439 1251 ingeniis,
465 1203 670 1239 acerrimis
695 1200 855 1247 studiis,
879 1203 1037 1252 optima
1060 1200 1260 1247 doctrina,
1282 1202 1462 1238 maximo

251 1284 328 1309 usu
356 1274 545 1323 cognosci
573 1285 621 1310 ac
648 1274 804 1323 percipi
830 1274 1014 1323 potuisse
1043 1272 1326 1318 arbitraretur,
1351 1271 1462 1324 quod

252 1347 301 1381 tu
326 1340 520 1382 facillime
548 1345 704 1394 poteris
732 1343 927 1389 iudicare,
951 1345 1021 1395 qui
1049 1343 1314 1394 prudentiam
1339 1345 1464 1382 ratio-

254 1426 433 1465 nemque
455 1414 618 1453 dicendi
639 1427 716 1466 per
740 1419 785 1453 te
810 1417 959 1466 ipsum,
982 1427 1102 1452 usum
1127 1419 1269 1452 autem
1293 1427 1369 1466 per
1389 1426 1462 1452 nos

254 1487 466 1537 percipere
491 1485 666 1524 voluisti.
722 1484 818 1532 Sed,
838 1499 920 1537 quo
944 1488 1064 1524 citius
1082 1485 1173 1532 hoc,
1193 1485 1304 1537 quod
1329 1498 1462 1524 susce-

252 1558 401 1607 pimus,
416 1570 499 1595 non
513 1556 720 1595 mediocre
734 1569 883 1595 munus
899 1556 1098 1595 conficere
1113 1559 1328 1608 possimus,
1343 1559 1462 1595 omis-

252 1640 297 1665 sa
315 1632 457 1666 nostra
476 1626 779 1674 adhortatione,
800 1627 854 1666 ad
873 1640 1029 1674 eorum,
1044 1640 1146 1679 quos
1165 1607 1461 1680 proposuimus,

252 1711 484 1737 sermonem
504 1698 911 1750 disputationemque
931 1701 1155 1737 veniamus.

192 1778 232 1811 12
303 1768 473 1809 Postero
495 1772 622 1822 igitur
643 1770 725 1816 die,
747 1783 873 1822 quam
894 1769 963 1808 illa
985 1775 1104 1808 erant
1125 1775 1232 1816 acta,
1254 1768 1354 1808 hora
1373 1768 1460 1809 fere

251 1841 445 1887 secunda,
478 1855 572 1880 cum
602 1843 729 1879 etiam
758 1846 848 1879 tum
876 1843 919 1879 in
946 1840 1055 1879 lecto
1084 1840 1252 1879 Crassus
1279 1846 1389 1879 esset
1417 1846 1461 1880 et

252 1911 363 1963 apud
399 1925 494 1950 eum
531 1910 731 1963 Sulpicius
768 1911 947 1957 sederet,
984 1911 1188 1950 Antonius
1226 1917 1366 1950 autem
1401 1914 1461 1950 in-

252 1981 484 2022 ambularet
521 1995 615 2021 cum
654 1981 779 2021 Cotta
816 1985 860 2021 in
896 1984 1071 2034 porticu,
1108 1987 1282 2034 repente
1321 1995 1370 2021 eo
1408 1981 1459 2031 Q.

252 2058 329 2093 204
