1560 2294
758 121 962 162 CICERO

252 223 550 262 exercitatione
574 237 657 262 non
681 225 864 264 eruenda
887 229 1086 265 memoria
1109 233 1174 267 est
1202 231 1236 268 si
1260 235 1325 270 est
1353 230 1464 270 nulla

252 295 463 343 naturalis,
484 297 558 336 sed
576 303 689 336 certe
709 300 742 336 si
761 298 868 338 latet
887 300 1096 339 evocanda
1115 307 1191 340 est.

165 381 229 415 361
302 369 478 409 Habetis
504 384 738 411 sermonem
766 373 873 412 bene
902 373 1072 427 longum
1101 374 1276 416 hominis
1304 380 1464 418 utinam

251 456 334 481 non
348 445 601 496 impudentis
617 446 626 484 ἱ
670 446 778 485 Illud
793 447 961 499 quidem
977 454 1105 495 certe,
1119 462 1202 488 non
1216 453 1336 490 nimis
1350 465 1465 492 vere-

251 517 388 564 cundi,
431 521 502 570 qui
545 519 714 571 quidem
761 534 854 560 cum
899 526 959 568 te,
999 522 1162 570 Catule,
1203 530 1294 564 tum
1337 528 1464 565 etiam

251 590 299 629 L.
316 590 461 631 Crasso
486 593 683 632 audiente
706 593 759 633 de
780 594 943 634 dicendi
962 599 1123 635 ratione
1143 602 1232 636 tam
1250 598 1383 638 multa
1404 599 1466 638 di·

250 668 406 712 xerim3
426 680 523 706 nam
542 669 714 706 istorum
731 674 846 708 aetas
866 671 1000 708 minus
1020 684 1088 709 me
1103 669 1278 711 fortasse
1297 686 1463 712 movere

249 738 406 778 debuit.
463 739 546 779 Sed
565 740 666 779 mihi
691 744 913 794 ignoscetis
931 742 1133 795 profecto,
1153 747 1187 783 si
1209 746 1332 785 modo
1355 760 1463 799 quae

248 826 372 852 causa
397 828 465 853 me
493 814 547 853 ad
572 814 678 854 hanc
705 816 914 856 insolitam
938 817 1040 856 mihi
1065 818 1362 870 loquacitatem
1389 823 1464 860 im-

247 887 401 939 pulerit
420 891 674 940 acceperitis.

164 968 231 1002 862
301 966 533 1006 LXXXIX.
565 967 649 1007 Nos
682 982 792 1016 vero,
824 972 960 1022 inquit
992 970 1179 1019 Catulus,
1207 975 1364 1011 etenim
1389 987 1463 1026 pro

247 1054 316 1080 me
341 1040 419 1079 hoe
439 1047 484 1080 et
508 1055 583 1093 pro
608 1055 703 1081 meo
727 1042 857 1082 fratre
876 1045 1121 1096 respondeo,
1139 1059 1223 1085 non
1241 1046 1364 1085 modo
1387 1048 1463 1086 tibi

247 1117 495 1168 ignoscimus
521 1115 595 1154 sed
623 1121 667 1155 te
693 1117 899 1169 diligimus
924 1131 1203 1172 magnamque
1232 1120 1309 1159 tibi
1337 1119 1463 1160 habe·

247 1202 338 1228 mus
367 1192 574 1241 gratiam;
613 1195 658 1229 et
687 1203 782 1229 cum
809 1190 1115 1231 humanitatem
1145 1199 1190 1232 et
1218 1192 1462 1234 facilitatem

247 1265 505 1316 agnoscimus
522 1268 654 1310 tuam,
671 1269 763 1303 tum
780 1264 1030 1304 admiramur
1045 1269 1169 1305 istam
1185 1269 1401 1307 scientiam
1418 1274 1462 1308 et

246 1339 419 1389 copiam.
490 1337 697 1389 Equidem
723 1340 852 1377 etiam
880 1337 958 1378 hoc
985 1353 1053 1378 me
1083 1346 1318 1380 assecutum
1345 1347 1462 1394 puto,

247 1411 359 1464 quod
383 1424 535 1464 magno
561 1424 652 1450 sum
677 1411 838 1451 levatus
864 1426 1000 1452 errore
1027 1418 1072 1452 et
1096 1414 1166 1452 illa
1191 1415 1461 1454 admiratione

248 1485 447 1524 liberatus
490 1485 601 1537 quod
642 1485 783 1524 multis
819 1499 913 1525 cum
949 1486 1036 1525 aliis
1072 1501 1236 1540 semper
1271 1487 1462 1528 admirari

248 1560 431 1600 solebam
456 1559 567 1598 unde
586 1564 697 1597 esset
713 1559 782 1597 illa
799 1565 919 1599 tanta
936 1565 1010 1599 tua
1032 1563 1075 1599 in
1092 1562 1223 1600 causis
1241 1561 1432 1602 divinitas
1449 1574 1460 1609 3

248 1648 324 1673 nec
352 1636 462 1672 enim
491 1639 535 1672 te
563 1635 643 1672 ista
671 1635 859 1685 attigisse
887 1635 1117 1673 arbitrabar
1154 1648 1262 1688 quae
1289 1635 1461 1688 diligen-

246 1711 402 1747 tissime
418 1719 615 1759 cognosse
633 1712 677 1746 et
692 1707 874 1759 undique
890 1707 1102 1760 collegisse
1118 1722 1277 1761 usuque
1293 1709 1460 1749 doctum

246 1784 397 1833 partim
415 1783 638 1820 correxisse
657 1780 790 1827 video,
807 1783 959 1832 partim
976 1783 1262 1833 comprobasse
1281 1796 1292 1829 ;
1323 1796 1460 1835 neque

161 1867 228 1900 363
247 1869 296 1894 eo
314 1857 448 1893 minus
468 1854 748 1906 eloquentiam
767 1860 884 1893 tuam
902 1860 946 1894 et
964 1855 1095 1894 multo
1113 1858 1245 1908 magis
1263 1858 1458 1895 virtutem

792 2002 810 2019 ⁶
823 2001 840 2038 θ
861 2001 905 2032 69

243 2082 320 2117 472
