<?xml version="1.0" encoding="UTF-8"?>
<!DOCTYPE html PUBLIC "-//W3C//DTD XHTML 1.0 Transitional//EN"
    "http://www.w3.org/TR/xhtml1/DTD/xhtml1-transitional.dtd">
<html xmlns="http://www.w3.org/1999/xhtml" xml:lang="en" lang="en">
 <head>
  <title>
</title>
<meta http-equiv="Content-Type" content="text/html;charset=utf-8" />
  <meta name='ocr-system' content='tesseract 3.04.00' />
  <meta name='ocr-capabilities' content='ocr_page ocr_carea ocr_par ocr_line ocrx_word'/>
</head>
<body>
  <div class='ocr_page' id='page_1' title='image "./cicerodeoratore01ciceuoft_0114.png"; bbox 0 0 1560 2294; ppageno 0'>
   <div class='ocr_carea' id='block_1_1' title="bbox 738 126 942 166">
    <p class='ocr_par' dir='ltr' id='par_1_1' title="bbox 738 126 942 166">
     <span class='ocr_line' id='line_1_1' title="bbox 738 126 942 166; baseline 0.005 -1"><span class='ocrx_word' id='word_1_1' title='bbox 738 126 942 166; x_wconf 89' lang='lat' dir='ltr'>CICERO</span> 
     </span>
    </p>
   </div>
   <div class='ocr_carea' id='block_1_2' title="bbox 153 228 1449 2059">
    <p class='ocr_par' dir='ltr' id='par_1_2' title="bbox 233 228 1447 578">
     <span class='ocr_line' id='line_1_2' title="bbox 233 228 1447 281; baseline 0.004 -16"><span class='ocrx_word' id='word_1_2' title='bbox 233 228 384 278; x_wconf 87' lang='lat' dir='ltr'><strong>cipere,</strong></span> <span class='ocrx_word' id='word_1_3' title='bbox 413 233 540 280; x_wconf 89' lang='lat' dir='ltr'><strong>atque</strong></span> <span class='ocrx_word' id='word_1_4' title='bbox 568 229 767 281; x_wconf 89' lang='lat' dir='ltr'><strong>profiteri,</strong></span> <span class='ocrx_word' id='word_1_5' title='bbox 795 244 840 269; x_wconf 90' lang='lat' dir='ltr'><strong>se</strong></span> <span class='ocrx_word' id='word_1_6' title='bbox 869 244 973 277; x_wconf 92' lang='lat' dir='ltr'><strong>esse,</strong></span> <span class='ocrx_word' id='word_1_7' title='bbox 1001 232 1190 270; x_wconf 92' lang='lat' dir='ltr'><strong>omnibus</strong></span> <span class='ocrx_word' id='word_1_8' title='bbox 1218 231 1447 278; x_wconf 81' lang='lat' dir='ltr'><strong>silentibus,</strong></span> 
     </span>
     <span class='ocr_line' id='line_1_3' title="bbox 234 303 1446 357; baseline 0.005 -19"><span class='ocrx_word' id='word_1_9' title='bbox 234 314 361 340; x_wconf 90' lang='lat' dir='ltr'><strong>unum</strong></span> <span class='ocrx_word' id='word_1_10' title='bbox 386 305 575 341; x_wconf 87' lang='lat' dir='ltr'><strong>maximis</strong></span> <span class='ocrx_word' id='word_1_11' title='bbox 601 303 654 342; x_wconf 91' lang='lat' dir='ltr'><strong>de</strong></span> <span class='ocrx_word' id='word_1_12' title='bbox 679 304 817 350; x_wconf 91' lang='lat' dir='ltr'><strong>rebus,</strong></span> <span class='ocrx_word' id='word_1_13' title='bbox 842 318 994 357; x_wconf 90' lang='lat' dir='ltr'><strong>magno</strong></span> <span class='ocrx_word' id='word_1_14' title='bbox 1018 307 1062 343; x_wconf 93' lang='lat' dir='ltr'><strong>in</strong></span> <span class='ocrx_word' id='word_1_15' title='bbox 1086 310 1293 344; x_wconf 89' lang='lat' dir='ltr'><strong>conventu</strong></span> <span class='ocrx_word' id='word_1_16' title='bbox 1316 303 1446 344; x_wconf 90' lang='lat' dir='ltr'><strong>homi-</strong></span> 
     </span>
     <span class='ocr_line' id='line_1_4' title="bbox 234 376 1446 432; baseline 0.005 -20"><span class='ocrx_word' id='word_1_17' title='bbox 234 388 347 422; x_wconf 86' lang='lat' dir='ltr'><strong>num,</strong></span> <span class='ocrx_word' id='word_1_18' title='bbox 390 376 654 415; x_wconf 88' lang='lat' dir='ltr'><strong>audiendum.</strong></span> <span class='ocrx_word' id='word_1_19' title='bbox 710 378 844 417; x_wconf 82' lang='lat' dir='ltr'><strong>Adest</strong></span> <span class='ocrx_word' id='word_1_20' title='bbox 887 381 997 417; x_wconf 81' lang='lat' dir='ltr'><strong>enim</strong></span> <span class='ocrx_word' id='word_1_21' title='bbox 1037 377 1126 418; x_wconf 86' lang='lat' dir='ltr'><strong>fere</strong></span> <span class='ocrx_word' id='word_1_22' title='bbox 1167 392 1304 425; x_wconf 91' lang='lat' dir='ltr'><strong>nemo,</strong></span> <span class='ocrx_word' id='word_1_23' title='bbox 1346 381 1446 432; x_wconf 93' lang='lat' dir='ltr'><strong>quin</strong></span> 
     </span>
     <span class='ocr_line' id='line_1_5' title="bbox 234 452 1447 505; baseline 0.003 -18"><span class='ocrx_word' id='word_1_24' title='bbox 234 452 392 488; x_wconf 86' lang='lat' dir='ltr'><strong>acutius</strong></span> <span class='ocrx_word' id='word_1_25' title='bbox 428 456 554 502; x_wconf 90' lang='lat' dir='ltr'><strong>atque</strong></span> <span class='ocrx_word' id='word_1_26' title='bbox 590 454 719 490; x_wconf 89' lang='lat' dir='ltr'><strong>acrius</strong></span> <span class='ocrx_word' id='word_1_27' title='bbox 754 455 854 491; x_wconf 89' lang='lat' dir='ltr'><strong>vitia</strong></span> <span class='ocrx_word' id='word_1_28' title='bbox 887 455 930 490; x_wconf 92' lang='lat' dir='ltr'><strong>in</strong></span> <span class='ocrx_word' id='word_1_29' title='bbox 964 452 1143 499; x_wconf 83' lang='lat' dir='ltr'><strong>dicente,</strong></span> <span class='ocrx_word' id='word_1_30' title='bbox 1174 466 1300 505; x_wconf 90' lang='lat' dir='ltr'><strong>quam</strong></span> <span class='ocrx_word' id='word_1_31' title='bbox 1331 457 1447 492; x_wconf 83' lang='lat' dir='ltr'><strong>recta</strong></span> 
     </span>
     <span class='ocr_line' id='line_1_6' title="bbox 234 522 1446 578; baseline 0.003 -17"><span class='ocrx_word' id='word_1_32' title='bbox 234 522 373 562; x_wconf 89' lang='lat' dir='ltr'><strong>videat</strong></span> <span class='ocrx_word' id='word_1_33' title='bbox 392 537 401 562; x_wconf 73' lang='grc' dir='ltr'><strong><em>ι</em></strong></span> <span class='ocrx_word' id='word_1_34' title='bbox 434 526 507 571; x_wconf 89' lang='lat' dir='ltr'><strong>ita,</strong></span> <span class='ocrx_word' id='word_1_35' title='bbox 527 525 728 577; x_wconf 90' lang='lat' dir='ltr'><strong>quidquid</strong></span> <span class='ocrx_word' id='word_1_36' title='bbox 747 532 824 572; x_wconf 92' lang='lat' dir='ltr'><strong>est,</strong></span> <span class='ocrx_word' id='word_1_37' title='bbox 843 528 886 564; x_wconf 91' lang='lat' dir='ltr'><strong>in</strong></span> <span class='ocrx_word' id='word_1_38' title='bbox 905 540 986 578; x_wconf 91' lang='lat' dir='ltr'><strong>quo</strong></span> <span class='ocrx_word' id='word_1_39' title='bbox 1005 526 1239 573; x_wconf 79' lang='lat' dir='ltr'><strong>offenditur,</strong></span> <span class='ocrx_word' id='word_1_40' title='bbox 1257 526 1300 565; x_wconf 86' lang='lat' dir='ltr'><strong>id</strong></span> <span class='ocrx_word' id='word_1_41' title='bbox 1319 529 1446 565; x_wconf 90' lang='lat' dir='ltr'><strong>etiam</strong></span> 
     </span>
    </p>

    <p class='ocr_par' dir='ltr' id='par_1_3' title="bbox 153 596 1447 1318">
     <span class='ocr_line' id='line_1_7' title="bbox 153 596 1446 653; baseline 0.004 -19"><span class='ocrx_word' id='word_1_42' title='bbox 153 601 214 634; x_wconf 85' lang='lat'><strong>117</strong></span> <span class='ocrx_word' id='word_1_43' title='bbox 234 596 315 642; x_wconf 91' lang='lat' dir='ltr'><strong>illa,</strong></span> <span class='ocrx_word' id='word_1_44' title='bbox 333 611 439 649; x_wconf 92' lang='lat' dir='ltr'><strong>quae</strong></span> <span class='ocrx_word' id='word_1_45' title='bbox 456 598 663 638; x_wconf 88' lang='lat' dir='ltr'><strong>laudanda</strong></span> <span class='ocrx_word' id='word_1_46' title='bbox 679 605 790 646; x_wconf 89' lang='lat' dir='ltr'><strong>sunt,</strong></span> <span class='ocrx_word' id='word_1_47' title='bbox 807 601 955 639; x_wconf 90' lang='lat' dir='ltr'><strong>obruit.</strong></span> <span class='ocrx_word' id='word_1_48' title='bbox 1012 600 1159 653; x_wconf 87' lang='lat' dir='ltr'><strong>Neque</strong></span> <span class='ocrx_word' id='word_1_49' title='bbox 1175 599 1279 639; x_wconf 88' lang='lat' dir='ltr'><strong>haec</strong></span> <span class='ocrx_word' id='word_1_50' title='bbox 1294 603 1337 639; x_wconf 93' lang='lat' dir='ltr'><strong>in</strong></span> <span class='ocrx_word' id='word_1_51' title='bbox 1353 613 1446 639; x_wconf 88' lang='lat' dir='ltr'><strong>eam</strong></span> 
     </span>
     <span class='ocr_line' id='line_1_8' title="bbox 234 673 1447 726; baseline 0.003 -17"><span class='ocrx_word' id='word_1_52' title='bbox 234 675 485 710; x_wconf 86' lang='lat' dir='ltr'><strong>sententiam</strong></span> <span class='ocrx_word' id='word_1_53' title='bbox 505 673 684 724; x_wconf 88' lang='lat' dir='ltr'><strong>disputo,</strong></span> <span class='ocrx_word' id='word_1_54' title='bbox 704 679 753 712; x_wconf 90' lang='lat' dir='ltr'><strong>ut</strong></span> <span class='ocrx_word' id='word_1_55' title='bbox 771 673 957 713; x_wconf 89' lang='lat' dir='ltr'><strong>homines</strong></span> <span class='ocrx_word' id='word_1_56' title='bbox 977 674 1274 721; x_wconf 87' lang='lat' dir='ltr'><strong>adolescentes,</strong></span> <span class='ocrx_word' id='word_1_57' title='bbox 1294 676 1328 713; x_wconf 88' lang='lat' dir='ltr'><strong>si</strong></span> <span class='ocrx_word' id='word_1_58' title='bbox 1347 673 1447 726; x_wconf 80' lang='lat' dir='ltr'><strong>quid</strong></span> 
     </span>
     <span class='ocr_line' id='line_1_9' title="bbox 235 745 1447 795; baseline 0.004 -13"><span class='ocrx_word' id='word_1_59' title='bbox 235 746 422 784; x_wconf 87' lang='lat' dir='ltr'><strong>naturale</strong></span> <span class='ocrx_word' id='word_1_60' title='bbox 445 745 554 785; x_wconf 89' lang='lat' dir='ltr'><strong>forte</strong></span> <span class='ocrx_word' id='word_1_61' title='bbox 577 761 660 786; x_wconf 91' lang='lat' dir='ltr'><strong>non</strong></span> <span class='ocrx_word' id='word_1_62' title='bbox 682 746 880 795; x_wconf 85' lang='lat' dir='ltr'><strong>habeant,</strong></span> <span class='ocrx_word' id='word_1_63' title='bbox 900 751 1065 787; x_wconf 89' lang='lat' dir='ltr'><strong>omnino</strong></span> <span class='ocrx_word' id='word_1_64' title='bbox 1085 762 1110 787; x_wconf 90' lang='lat' dir='ltr'><strong>a</strong></span> <span class='ocrx_word' id='word_1_65' title='bbox 1129 748 1292 788; x_wconf 81' lang='lat' dir='ltr'><strong>dicendi</strong></span> <span class='ocrx_word' id='word_1_66' title='bbox 1311 747 1447 787; x_wconf 82' lang='lat' dir='ltr'><strong>studio</strong></span> 
     </span>
     <span class='ocr_line' id='line_1_10' title="bbox 235 819 1447 874; baseline 0.002 -17"><span class='ocrx_word' id='word_1_67' title='bbox 235 819 481 859; x_wconf 87' lang='lat' dir='ltr'><strong>deterream.</strong></span> <span class='ocrx_word' id='word_1_68' title='bbox 537 820 638 869; x_wconf 83' lang='lat' dir='ltr'><strong>Quis</strong></span> <span class='ocrx_word' id='word_1_69' title='bbox 663 824 773 860; x_wconf 87' lang='lat' dir='ltr'><strong>enim</strong></span> <span class='ocrx_word' id='word_1_70' title='bbox 796 835 878 860; x_wconf 90' lang='lat' dir='ltr'><strong>non</strong></span> <span class='ocrx_word' id='word_1_71' title='bbox 897 822 1025 869; x_wconf 91' lang='lat' dir='ltr'><strong>videt,</strong></span> <span class='ocrx_word' id='word_1_72' title='bbox 1044 822 1090 862; x_wconf 89' lang='lat' dir='ltr'><strong>C.</strong></span> <span class='ocrx_word' id='word_1_73' title='bbox 1112 821 1265 869; x_wconf 90' lang='lat' dir='ltr'><strong>Coelio,</strong></span> <span class='ocrx_word' id='word_1_74' title='bbox 1285 821 1447 874; x_wconf 86' lang='lat' dir='ltr'><strong>aequali</strong></span> 
     </span>
     <span class='ocr_line' id='line_1_11' title="bbox 234 894 1446 948; baseline 0.002 -16"><span class='ocrx_word' id='word_1_75' title='bbox 234 906 342 940; x_wconf 91' lang='lat' dir='ltr'><strong>meo,</strong></span> <span class='ocrx_word' id='word_1_76' title='bbox 362 908 513 947; x_wconf 87' lang='lat' dir='ltr'><strong>magno</strong></span> <span class='ocrx_word' id='word_1_77' title='bbox 533 894 677 934; x_wconf 90' lang='lat' dir='ltr'><strong>honori</strong></span> <span class='ocrx_word' id='word_1_78' title='bbox 696 895 836 942; x_wconf 88' lang='lat' dir='ltr'><strong>fuisse,</strong></span> <span class='ocrx_word' id='word_1_79' title='bbox 856 895 1011 935; x_wconf 89' lang='lat' dir='ltr'><strong>homini</strong></span> <span class='ocrx_word' id='word_1_80' title='bbox 1031 910 1150 942; x_wconf 92' lang='lat' dir='ltr'><strong>novo,</strong></span> <span class='ocrx_word' id='word_1_81' title='bbox 1169 896 1282 935; x_wconf 90' lang='lat' dir='ltr'><strong>illam</strong></span> <span class='ocrx_word' id='word_1_82' title='bbox 1300 899 1446 948; x_wconf 88' lang='lat' dir='ltr'><strong>ipsam,</strong></span> 
     </span>
     <span class='ocr_line' id='line_1_12' title="bbox 235 969 1447 1022; baseline 0.002 -16"><span class='ocrx_word' id='word_1_83' title='bbox 235 981 538 1021; x_wconf 86' lang='lat' dir='ltr'><strong>quamcumque</strong></span> <span class='ocrx_word' id='word_1_84' title='bbox 586 973 748 1022; x_wconf 88' lang='lat' dir='ltr'><strong>assequi</strong></span> <span class='ocrx_word' id='word_1_85' title='bbox 786 972 956 1022; x_wconf 88' lang='lat' dir='ltr'><strong>poterit,</strong></span> <span class='ocrx_word' id='word_1_86' title='bbox 994 973 1038 1009; x_wconf 91' lang='lat' dir='ltr'><strong>in</strong></span> <span class='ocrx_word' id='word_1_87' title='bbox 1079 970 1254 1009; x_wconf 85' lang='lat' dir='ltr'><strong>dicendo</strong></span> <span class='ocrx_word' id='word_1_88' title='bbox 1291 969 1447 1009; x_wconf 86' lang='lat' dir='ltr'><strong>medio-</strong></span> 
     </span>
     <span class='ocr_line' id='line_1_13' title="bbox 235 1043 1446 1096; baseline 0.002 -16"><span class='ocrx_word' id='word_1_89' title='bbox 235 1043 461 1081; x_wconf 87' lang='lat' dir='ltr'><strong>critatem?</strong></span> <span class='ocrx_word' id='word_1_90' title='bbox 516 1043 617 1091; x_wconf 83' lang='lat' dir='ltr'><strong>Quis</strong></span> <span class='ocrx_word' id='word_1_91' title='bbox 662 1049 845 1082; x_wconf 89' lang='lat' dir='ltr'><strong>vestrum</strong></span> <span class='ocrx_word' id='word_1_92' title='bbox 890 1044 1122 1096; x_wconf 88' lang='lat' dir='ltr'><strong>aequalem,</strong></span> <span class='ocrx_word' id='word_1_93' title='bbox 1166 1043 1218 1093; x_wconf 86' lang='lat' dir='ltr'><strong>Q.</strong></span> <span class='ocrx_word' id='word_1_94' title='bbox 1263 1043 1446 1090; x_wconf 84' lang='lat' dir='ltr'><strong>Varium,</strong></span> 
     </span>
     <span class='ocr_line' id='line_1_14' title="bbox 237 1116 1447 1171; baseline 0.001 -16"><span class='ocrx_word' id='word_1_95' title='bbox 237 1123 398 1155; x_wconf 87' lang='lat' dir='ltr'><strong>vastum</strong></span> <span class='ocrx_word' id='word_1_96' title='bbox 423 1116 633 1156; x_wconf 89' lang='lat' dir='ltr'><strong>hominem</strong></span> <span class='ocrx_word' id='word_1_97' title='bbox 659 1123 786 1170; x_wconf 88' lang='lat' dir='ltr'><strong>atque</strong></span> <span class='ocrx_word' id='word_1_98' title='bbox 817 1117 1001 1165; x_wconf 87' lang='lat' dir='ltr'><strong>foedum,</strong></span> <span class='ocrx_word' id='word_1_99' title='bbox 1029 1131 1112 1157; x_wconf 91' lang='lat' dir='ltr'><strong>non</strong></span> <span class='ocrx_word' id='word_1_100' title='bbox 1141 1117 1349 1171; x_wconf 89' lang='lat' dir='ltr'><strong>intellegit</strong></span> <span class='ocrx_word' id='word_1_101' title='bbox 1378 1117 1447 1156; x_wconf 88' lang='lat' dir='ltr'><strong>illa</strong></span> 
     </span>
     <span class='ocr_line' id='line_1_15' title="bbox 235 1190 1446 1245; baseline 0.002 -16"><span class='ocrx_word' id='word_1_102' title='bbox 235 1194 324 1243; x_wconf 91' lang='lat' dir='ltr'><strong>ipsa</strong></span> <span class='ocrx_word' id='word_1_103' title='bbox 346 1190 560 1238; x_wconf 85' lang='lat' dir='ltr'><strong>facultate,</strong></span> <span class='ocrx_word' id='word_1_104' title='bbox 584 1205 887 1244; x_wconf 85' lang='lat' dir='ltr'><strong>quamcumque</strong></span> <span class='ocrx_word' id='word_1_105' title='bbox 910 1191 1053 1239; x_wconf 90' lang='lat' dir='ltr'><strong>habet,</strong></span> <span class='ocrx_word' id='word_1_106' title='bbox 1075 1206 1271 1245; x_wconf 86' lang='lat' dir='ltr'><strong>magnam</strong></span> <span class='ocrx_word' id='word_1_107' title='bbox 1293 1205 1383 1232; x_wconf 89' lang='lat' dir='ltr'><strong>esse</strong></span> <span class='ocrx_word' id='word_1_108' title='bbox 1403 1194 1446 1231; x_wconf 91' lang='lat' dir='ltr'><strong>in</strong></span> 
     </span>
     <span class='ocr_line' id='line_1_16' title="bbox 236 1266 919 1318; baseline 0.003 -15"><span class='ocrx_word' id='word_1_109' title='bbox 236 1268 403 1304; x_wconf 87' lang='lat' dir='ltr'><strong>civitate</strong></span> <span class='ocrx_word' id='word_1_110' title='bbox 422 1268 600 1318; x_wconf 85' lang='lat' dir='ltr'><strong>gratiam</strong></span> <span class='ocrx_word' id='word_1_111' title='bbox 619 1271 885 1305; x_wconf 86' lang='lat' dir='ltr'><strong>consecutum</strong></span> <span class='ocrx_word' id='word_1_112' title='bbox 903 1266 919 1305; x_wconf 85' lang='lat'>?</span> 
     </span>
    </p>

    <p class='ocr_par' dir='ltr' id='par_1_4' title="bbox 154 1339 1449 2059">
     <span class='ocr_line' id='line_1_17' title="bbox 154 1339 1447 1393; baseline 0.004 -19"><span class='ocrx_word' id='word_1_113' title='bbox 154 1341 219 1374; x_wconf 87' lang='grc'><strong>118</strong></span> <span class='ocrx_word' id='word_1_114' title='bbox 288 1339 440 1377; x_wconf 90' lang='lat' dir='ltr'><strong>XXVI.</strong></span> <span class='ocrx_word' id='word_1_115' title='bbox 470 1339 552 1378; x_wconf 90' lang='lat' dir='ltr'><strong>Sed</strong></span> <span class='ocrx_word' id='word_1_116' title='bbox 576 1342 672 1392; x_wconf 88' lang='lat' dir='ltr'><strong>quia</strong></span> <span class='ocrx_word' id='word_1_117' title='bbox 695 1339 748 1378; x_wconf 91' lang='lat' dir='ltr'><strong>de</strong></span> <span class='ocrx_word' id='word_1_118' title='bbox 772 1345 934 1379; x_wconf 88' lang='lat' dir='ltr'><strong>oratore</strong></span> <span class='ocrx_word' id='word_1_119' title='bbox 959 1343 1207 1392; x_wconf 89' lang='lat' dir='ltr'><strong>quaerimus,</strong></span> <span class='ocrx_word' id='word_1_120' title='bbox 1231 1340 1447 1393; x_wconf 88' lang='lat' dir='ltr'><strong>fingendus</strong></span> 
     </span>
     <span class='ocr_line' id='line_1_18' title="bbox 238 1414 1448 1461; baseline 0.001 -9"><span class='ocrx_word' id='word_1_121' title='bbox 238 1419 303 1452; x_wconf 87' lang='lat' dir='ltr'><strong>est</strong></span> <span class='ocrx_word' id='word_1_122' title='bbox 332 1414 448 1452; x_wconf 88' lang='lat' dir='ltr'><strong>nobis</strong></span> <span class='ocrx_word' id='word_1_123' title='bbox 479 1416 665 1452; x_wconf 87' lang='lat' dir='ltr'><strong>oratione</strong></span> <span class='ocrx_word' id='word_1_124' title='bbox 695 1419 849 1460; x_wconf 90' lang='lat' dir='ltr'><strong>nostra,</strong></span> <span class='ocrx_word' id='word_1_125' title='bbox 880 1414 1077 1453; x_wconf 84' lang='lat' dir='ltr'><strong>detractis</strong></span> <span class='ocrx_word' id='word_1_126' title='bbox 1108 1414 1296 1453; x_wconf 90' lang='lat' dir='ltr'><strong>omnibus</strong></span> <span class='ocrx_word' id='word_1_127' title='bbox 1326 1417 1448 1461; x_wconf 88' lang='lat' dir='ltr'><strong>vitiis,</strong></span> 
     </span>
     <span class='ocr_line' id='line_1_19' title="bbox 238 1487 1449 1541; baseline 0.001 -16"><span class='ocrx_word' id='word_1_128' title='bbox 238 1493 388 1534; x_wconf 86' lang='lat' dir='ltr'><strong>orator,</strong></span> <span class='ocrx_word' id='word_1_129' title='bbox 415 1493 542 1539; x_wconf 86' lang='lat' dir='ltr'><strong>atque</strong></span> <span class='ocrx_word' id='word_1_130' title='bbox 568 1490 679 1526; x_wconf 90' lang='lat' dir='ltr'><strong>omni</strong></span> <span class='ocrx_word' id='word_1_131' title='bbox 703 1487 826 1526; x_wconf 90' lang='lat' dir='ltr'><strong>laude</strong></span> <span class='ocrx_word' id='word_1_132' title='bbox 852 1488 1095 1527; x_wconf 89' lang='lat' dir='ltr'><strong>cumulatus.</strong></span> <span class='ocrx_word' id='word_1_133' title='bbox 1152 1487 1299 1541; x_wconf 90' lang='lat' dir='ltr'><strong>Neque</strong></span> <span class='ocrx_word' id='word_1_134' title='bbox 1325 1490 1449 1534; x_wconf 90' lang='lat' dir='ltr'><strong>enim,</strong></span> 
     </span>
     <span class='ocr_line' id='line_1_20' title="bbox 238 1560 1449 1608; baseline 0.001 -9"><span class='ocrx_word' id='word_1_135' title='bbox 238 1564 271 1600; x_wconf 90' lang='lat' dir='ltr'><strong>si</strong></span> <span class='ocrx_word' id='word_1_136' title='bbox 304 1561 527 1600; x_wconf 90' lang='lat' dir='ltr'><strong>multitudo</strong></span> <span class='ocrx_word' id='word_1_137' title='bbox 560 1562 709 1608; x_wconf 91' lang='lat' dir='ltr'><strong>litium,</strong></span> <span class='ocrx_word' id='word_1_138' title='bbox 743 1564 776 1600; x_wconf 92' lang='lat' dir='ltr'><strong>si</strong></span> <span class='ocrx_word' id='word_1_139' title='bbox 809 1564 986 1600; x_wconf 87' lang='lat' dir='ltr'><strong>varietas</strong></span> <span class='ocrx_word' id='word_1_140' title='bbox 1019 1575 1248 1608; x_wconf 89' lang='lat' dir='ltr'><strong>causarum,</strong></span> <span class='ocrx_word' id='word_1_141' title='bbox 1280 1564 1315 1601; x_wconf 91' lang='lat' dir='ltr'><strong>si</strong></span> <span class='ocrx_word' id='word_1_142' title='bbox 1346 1560 1449 1600; x_wconf 88' lang='lat' dir='ltr'><strong>haec</strong></span> 
     </span>
     <span class='ocr_line' id='line_1_21' title="bbox 239 1635 1447 1675; baseline 0.001 -2"><span class='ocrx_word' id='word_1_143' title='bbox 239 1636 361 1674; x_wconf 87' lang='lat' dir='ltr'><strong>turba</strong></span> <span class='ocrx_word' id='word_1_144' title='bbox 383 1641 426 1674; x_wconf 92' lang='lat' dir='ltr'><strong>et</strong></span> <span class='ocrx_word' id='word_1_145' title='bbox 447 1636 636 1674; x_wconf 85' lang='lat' dir='ltr'><strong>barbaria</strong></span> <span class='ocrx_word' id='word_1_146' title='bbox 656 1635 827 1674; x_wconf 89' lang='lat' dir='ltr'><strong>forensis</strong></span> <span class='ocrx_word' id='word_1_147' title='bbox 848 1635 922 1674; x_wconf 89' lang='lat' dir='ltr'><strong>dat</strong></span> <span class='ocrx_word' id='word_1_148' title='bbox 942 1636 1076 1674; x_wconf 88' lang='lat' dir='ltr'><strong>locum</strong></span> <span class='ocrx_word' id='word_1_149' title='bbox 1097 1635 1162 1674; x_wconf 91' lang='lat' dir='ltr'><strong>vel</strong></span> <span class='ocrx_word' id='word_1_150' title='bbox 1182 1638 1447 1675; x_wconf 86' lang='lat' dir='ltr'><strong>vitiosissimis</strong></span> 
     </span>
     <span class='ocr_line' id='line_1_22' title="bbox 239 1708 1447 1762; baseline 0.001 -15"><span class='ocrx_word' id='word_1_151' title='bbox 239 1710 481 1755; x_wconf 87' lang='lat' dir='ltr'><strong>oratoribus,</strong></span> <span class='ocrx_word' id='word_1_152' title='bbox 510 1710 659 1748; x_wconf 85' lang='lat' dir='ltr'><strong>idcirco</strong></span> <span class='ocrx_word' id='word_1_153' title='bbox 689 1723 761 1748; x_wconf 90' lang='lat' dir='ltr'><strong>nos</strong></span> <span class='ocrx_word' id='word_1_154' title='bbox 791 1708 882 1756; x_wconf 88' lang='lat' dir='ltr'><strong>hoc,</strong></span> <span class='ocrx_word' id='word_1_155' title='bbox 911 1710 1022 1762; x_wconf 92' lang='lat' dir='ltr'><strong>quod</strong></span> <span class='ocrx_word' id='word_1_156' title='bbox 1051 1712 1300 1762; x_wconf 88' lang='lat' dir='ltr'><strong>quaerimus,</strong></span> <span class='ocrx_word' id='word_1_157' title='bbox 1329 1711 1447 1748; x_wconf 92' lang='lat' dir='ltr'><strong>omit-</strong></span> 
     </span>
     <span class='ocr_line' id='line_1_23' title="bbox 239 1783 1447 1836; baseline -0.001 -14"><span class='ocrx_word' id='word_1_158' title='bbox 239 1789 387 1822; x_wconf 89' lang='lat' dir='ltr'><strong>temus.</strong></span> <span class='ocrx_word' id='word_1_159' title='bbox 445 1783 592 1836; x_wconf 89' lang='lat' dir='ltr'><strong>Itaque</strong></span> <span class='ocrx_word' id='word_1_160' title='bbox 617 1786 659 1822; x_wconf 90' lang='lat' dir='ltr'><strong>in</strong></span> <span class='ocrx_word' id='word_1_161' title='bbox 683 1786 741 1823; x_wconf 90' lang='lat' dir='ltr'><strong>eis</strong></span> <span class='ocrx_word' id='word_1_162' title='bbox 766 1784 936 1830; x_wconf 85' lang='lat' dir='ltr'><strong>artibus,</strong></span> <span class='ocrx_word' id='word_1_163' title='bbox 956 1786 998 1821; x_wconf 89' lang='lat' dir='ltr'><strong>in</strong></span> <span class='ocrx_word' id='word_1_164' title='bbox 1018 1784 1165 1836; x_wconf 90' lang='lat' dir='ltr'><strong>quibus</strong></span> <span class='ocrx_word' id='word_1_165' title='bbox 1190 1797 1272 1822; x_wconf 92' lang='lat' dir='ltr'><strong>non</strong></span> <span class='ocrx_word' id='word_1_166' title='bbox 1290 1783 1447 1822; x_wconf 85' lang='lat' dir='ltr'><strong>utilitas</strong></span> 
     </span>
     <span class='ocr_line' id='line_1_24' title="bbox 239 1857 1447 1910; baseline 0.001 -15"><span class='ocrx_word' id='word_1_167' title='bbox 239 1860 451 1910; x_wconf 89' lang='lat' dir='ltr'><strong>quaeritur</strong></span> <span class='ocrx_word' id='word_1_168' title='bbox 476 1860 718 1903; x_wconf 88' lang='lat' dir='ltr'><strong>necessaria,</strong></span> <span class='ocrx_word' id='word_1_169' title='bbox 744 1858 817 1897; x_wconf 93' lang='lat' dir='ltr'><strong>sed</strong></span> <span class='ocrx_word' id='word_1_170' title='bbox 843 1860 967 1895; x_wconf 87' lang='lat' dir='ltr'><strong>animi</strong></span> <span class='ocrx_word' id='word_1_171' title='bbox 993 1857 1122 1896; x_wconf 89' lang='lat' dir='ltr'><strong>libera</strong></span> <span class='ocrx_word' id='word_1_172' title='bbox 1147 1857 1351 1910; x_wconf 85' lang='lat' dir='ltr'><strong>quaedam</strong></span> <span class='ocrx_word' id='word_1_173' title='bbox 1376 1857 1447 1895; x_wconf 85' lang='lat' dir='ltr'><strong>ob·</strong></span> 
     </span>
     <span class='ocr_line' id='line_1_25' title="bbox 239 1930 1444 1983; baseline -0.002 -13"><span class='ocrx_word' id='word_1_174' title='bbox 239 1931 420 1977; x_wconf 88' lang='lat' dir='ltr'><strong>lectatio,</strong></span> <span class='ocrx_word' id='word_1_175' title='bbox 448 1945 572 1983; x_wconf 92' lang='lat' dir='ltr'><strong>quam</strong></span> <span class='ocrx_word' id='word_1_176' title='bbox 599 1931 833 1983; x_wconf 88' lang='lat' dir='ltr'><strong>diligenter,</strong></span> <span class='ocrx_word' id='word_1_177' title='bbox 861 1937 905 1970; x_wconf 90' lang='lat' dir='ltr'><strong>et</strong></span> <span class='ocrx_word' id='word_1_178' title='bbox 931 1945 1055 1983; x_wconf 90' lang='lat' dir='ltr'><strong>quam</strong></span> <span class='ocrx_word' id='word_1_179' title='bbox 1081 1945 1209 1983; x_wconf 91' lang='lat' dir='ltr'><strong>prope</strong></span> <span class='ocrx_word' id='word_1_180' title='bbox 1235 1930 1444 1970; x_wconf 84' lang='lat' dir='ltr'><strong>fastidiose</strong></span> 
     </span>
     <span class='ocr_line' id='line_1_26' title="bbox 239 2005 1445 2059; baseline 0 -15"><span class='ocrx_word' id='word_1_181' title='bbox 239 2005 464 2045; x_wconf 83' lang='lat' dir='ltr'><strong>iudicamus</strong></span> <span class='ocrx_word' id='word_1_182' title='bbox 483 2005 492 2044; x_wconf 83' lang='lat' dir='ltr'><strong>l</strong></span> <span class='ocrx_word' id='word_1_183' title='bbox 548 2005 694 2044; x_wconf 86' lang='lat' dir='ltr'><strong>Nullae</strong></span> <span class='ocrx_word' id='word_1_184' title='bbox 722 2008 831 2044; x_wconf 91' lang='lat' dir='ltr'><strong>enim</strong></span> <span class='ocrx_word' id='word_1_185' title='bbox 855 2005 963 2052; x_wconf 88' lang='lat' dir='ltr'><strong>lites,</strong></span> <span class='ocrx_word' id='word_1_186' title='bbox 987 2018 1123 2059; x_wconf 89' lang='lat' dir='ltr'><strong>neque</strong></span> <span class='ocrx_word' id='word_1_187' title='bbox 1147 2007 1445 2044; x_wconf 83' lang='lat' dir='ltr'><strong>controversiae</strong></span> 
     </span>
    </p>
   </div>
   <div class='ocr_carea' id='block_1_3' title="bbox 240 2090 290 2126">
    <p class='ocr_par' dir='ltr' id='par_1_5' title="bbox 240 2090 290 2126">
     <span class='ocr_line' id='line_1_27' title="bbox 240 2090 290 2126; baseline 0 0"><span class='ocrx_word' id='word_1_188' title='bbox 240 2090 290 2126; x_wconf 75' lang='lat'><strong>82</strong></span> 
     </span>
    </p>
   </div>
  </div>
 </body>
</html>
