1560 2294
741 102 945 142 CICERO

155 217 216 251 161
290 208 422 247 Immo
434 207 477 246 id
489 206 737 252 mehercule,
750 209 898 258 inquit,
911 209 1046 258 ipsum
1061 206 1247 246 attendo.
1290 206 1447 246 Tantus

238 277 348 313 enim
370 287 509 312 cursus
531 273 749 311 verborum
770 271 865 318 fuit,
888 277 933 310 et
955 274 1011 310 sic
1034 271 1210 311 evolavit
1232 275 1377 319 oratio,
1398 278 1447 311 ut

238 342 324 378 eius
366 341 448 378 vim
488 344 614 390 atque
656 340 941 376 incitationem
983 339 1228 389 aspexerim,
1273 340 1447 390 vestigia

237 408 549 458 ingressumque
576 406 643 442 vix
670 403 867 449 viderim3
896 408 941 441 et
969 407 1169 454 tanquam
1195 405 1240 441 in
1268 402 1447 456 aliquam

237 470 487 522 locupletem
520 482 568 508 ae
599 467 798 507 refertam
831 468 1000 507 domum
1032 470 1229 515 venerim,
1261 481 1344 507 non
1377 482 1448 508 ex-

237 529 393 588 plicata
407 541 536 581 veste,
554 548 690 586 neque
707 537 917 586 proposito
938 539 1126 586 argento,
1142 547 1278 586 neque
1296 534 1446 573 tabulis

239 607 284 641 et
312 604 436 654 signis
463 600 676 652 propalam
701 599 921 646 collocatis,
945 599 1019 638 sed
1043 599 1106 638 his
1131 600 1320 639 omnibus
1344 600 1448 639 mul-

238 670 291 706 tis
310 666 619 720 magnificisque
639 666 762 704 rebus
782 667 1025 704 constructis
1045 678 1093 704 ac
1111 665 1332 704 reconditis
1348 680 1357 704 z
1391 668 1448 705 sic

239 733 361 772 modo
375 735 418 771 in
433 734 617 771 oratione
633 731 767 770 Crassi
782 731 944 770 divitias
961 736 1087 783 atque
1103 737 1346 770 ornamenta
1361 733 1446 770 eius

238 801 393 852 ingenii
423 812 498 850 per
528 797 734 850 quaedam
763 796 971 836 involucra
1001 802 1128 849 atque
1158 799 1448 850 integumenta

238 867 454 917 perspexi3
496 863 570 902 sed
609 876 660 902 ea
697 875 792 901 cum
831 862 1100 914 contemplari
1143 876 1350 914 cuperem,
1381 865 1447 901 vix

238 930 460 982 aspiciendi
501 934 687 981 potestas
728 927 820 967 fuit.
896 927 963 967 Ita
998 941 1134 980 neque
1170 927 1247 967 hoc
1282 941 1447 980 possum

237 997 387 1042 dicere,
415 1008 482 1034 me
511 997 676 1034 omnino
703 997 907 1046 ignorare,
935 993 1034 1046 quid
1061 993 1284 1046 possideat,
1311 1007 1448 1047 neque

237 1062 358 1114 plane
378 1074 511 1107 nosse,
532 1074 579 1099 ac
597 1059 758 1098 vidisse.

154 1142 218 1175 162
289 1127 399 1176 Quin
428 1132 475 1165 tu
503 1129 630 1178 igitur
658 1124 757 1163 facis
786 1124 912 1171 idem,
940 1127 1075 1176 inquit
1104 1123 1312 1171 Scaevola,
1338 1125 1450 1178 quod

236 1193 407 1238 faceres,
423 1195 455 1230 si
470 1195 513 1230 in
529 1191 708 1243 aliquam
723 1190 905 1236 domum,
919 1190 1086 1242 plenam
1101 1196 1450 1238 ornamentorum,

236 1259 424 1298 villamve
440 1260 619 1296 venisses
638 1257 654 1295 ?
708 1255 750 1294 Si
766 1269 816 1294 ea
831 1258 1026 1307 seposita,
1041 1261 1089 1294 ut
1104 1255 1218 1302 dicis,
1234 1261 1387 1303 essent,
1402 1261 1450 1295 tu

237 1324 355 1363 valde
375 1322 589 1375 spectandi
607 1321 778 1374 cupidus
799 1335 908 1360 esses
927 1334 937 1368 3
971 1335 1054 1360 non
1072 1321 1283 1360 dubitares
1301 1335 1446 1374 rogare

237 1390 462 1435 dominum,
496 1394 544 1427 ut
576 1387 749 1440 proferri
779 1388 957 1433 iuberet,
990 1389 1234 1438 praesertim
1266 1389 1300 1426 si
1334 1389 1443 1426 esses

237 1455 458 1494 familiaris.
513 1453 707 1492 Similiter
738 1466 845 1491 nunc
875 1458 995 1504 petes
1027 1466 1052 1490 a
1083 1452 1240 1499 Crasso,
1272 1458 1320 1491 ut
1351 1466 1443 1492 eam

237 1523 397 1572 copiam
430 1524 765 1559 ornamentorum
798 1532 978 1564 suorum,
1012 1531 1137 1570 quam
1170 1523 1446 1557 constructam

238 1601 319 1625 uno
354 1589 397 1624 in
432 1585 535 1631 loco,
571 1586 687 1636 quasi
722 1597 797 1636 per
832 1589 1098 1622 transennam
1133 1588 1449 1635 praetereuntes

238 1654 413 1691 strictim
441 1653 689 1702 aspeximus,
709 1652 751 1687 in
777 1649 912 1688 lucem
937 1648 1135 1700 proferat,
1158 1654 1203 1688 et
1231 1662 1304 1688 suo
1334 1649 1450 1701 quid-

239 1730 319 1769 que
340 1720 382 1754 in
399 1716 488 1755 loco
507 1715 679 1754 collocet
696 1715 712 1754 ?

157 1794 221 1826 163
292 1782 381 1834 Ego
411 1795 521 1828 vero,
544 1783 679 1832 inquit
703 1779 842 1826 Cotta,
869 1793 894 1818 a
921 1785 966 1818 te
994 1784 1109 1831 peto,
1136 1778 1450 1818 Scaevola-me

242 1850 365 1893 enim,
393 1853 437 1886 et
463 1846 571 1885 hunc
598 1845 821 1897 Sulpicium
847 1844 1022 1896 impedit
1048 1844 1180 1896 pudor
1206 1845 1259 1883 ab
1285 1844 1450 1884 homine

241 1915 423 1952 omnium
455 1914 707 1964 gravissimo,
739 1913 810 1963 qui
843 1923 974 1963 genus
1006 1909 1237 1948 huiusmodi
1268 1910 1450 1962 disputa-

241 1981 363 2018 tionis
387 1991 551 2029 semper
574 1978 883 2028 contempserit,
906 1974 1023 2022 haec,
1048 1988 1154 2028 quae
1183 1977 1251 2014 isti
1279 1974 1451 2014 forsitan

243 2062 316 2098 110
367 2051 370 2053 ’
