1560 2294
746 95 951 136 CICERO

243 200 313 250 qui
338 198 500 237 dicendi
523 205 747 251 praecepta
771 201 999 248 traderent,
1023 201 1123 241 nihil
1145 202 1268 255 plane
1292 209 1451 252 tenere,

241 274 377 313 neque
402 275 520 313 posse
546 276 797 314 quemquam
821 262 1064 303 facultatem
1089 269 1251 319 assequi
1274 267 1451 315 dicendi,

241 327 316 362 nisi
336 327 405 376 qui
423 325 756 376 philosophorum
775 329 944 365 inventa
962 327 1182 368 didicisset.

178 395 221 427 85
291 387 405 425 XIX.
437 388 719 439 Disputabant
739 395 882 427 contra
901 390 1042 429 diserti
1062 390 1261 439 homines,
1276 392 1450 432 Atheni-

240 463 372 496 enses,
396 456 440 489 et
460 454 503 488 in
531 451 741 502 republica
762 455 975 504 causisque
997 457 1162 501 versati,
1183 457 1226 493 in
1247 458 1336 508 quis
1360 463 1450 496 erat

239 515 366 551 etiam
386 516 434 559 is,
455 517 525 565 qui
547 528 678 565 nuper
698 514 854 554 Romae
875 514 968 562 fuit,
992 516 1280 564 Menedemus,
1300 518 1448 571 hospes

236 589 378 622 meus;
408 579 590 628 quicum
619 577 777 616 diceret
804 591 893 617 esse
923 579 1145 630 quamdam
1170 581 1448 632 prudentiam,

238 652 343 689 quae
357 645 588 678 versaretur
599 642 642 677 in
653 641 946 692 perspiciendis
958 643 1184 682 rationibus
1196 647 1448 684 constituen-

236 701 382 740 darum
399 707 443 740 et
458 702 733 754 regendarum
749 717 886 742 rerum
902 704 1171 756 publicarum,
1188 707 1448 747 excitabatur

235 764 357 803 homo
386 771 601 816 promptus
631 771 758 817 atque
787 769 898 805 omni
926 767 1139 807 abundans
1168 769 1368 817 doctrina,
1402 777 1447 810 et

235 828 413 880 quadam
429 828 656 867 incredibili
672 832 875 868 varietate
891 843 1028 869 rerum
1046 836 1090 870 et
1106 834 1234 883 copia.
1290 832 1446 872 Omnes

235 894 344 929 enim
368 897 507 942 partes
531 891 637 930 illius
660 894 786 943 ipsius
809 892 1055 944 prudentiae
1079 895 1282 945 petendas
1307 909 1396 935 esse
1420 909 1446 935 a

233 953 488 1005 philosophia
512 954 691 1000 dicebat,
715 968 851 1007 neque
877 969 940 1002 ea,
965 970 1071 1008 quae
1096 962 1379 997 statuerentur
1401 962 1443 998 in

231 1017 441 1067 republica
467 1016 519 1055 de
546 1017 621 1055 diis
648 1018 960 1064 immortalibus,
987 1019 1039 1057 de
1066 1019 1278 1072 disciplina
1303 1024 1443 1061 iuven-

231 1082 348 1125 tutis,
376 1080 429 1118 de
460 1082 632 1125 iustitia,
661 1080 713 1118 de
741 1083 959 1131 patientia,
988 1081 1040 1120 de
1069 1087 1361 1134 temperantia,
1389 1085 1442 1125 de

231 1142 352 1180 modo
368 1155 504 1180 rerum
520 1145 716 1189 omnium,
731 1149 969 1195 ceteraque,
985 1147 1072 1183 sine
1092 1146 1240 1197 quibus
1255 1149 1442 1188 civitates

231 1210 304 1243 aut
322 1218 426 1250 esse,
445 1210 518 1243 aut
534 1206 642 1243 bene
659 1211 844 1244 moratae
864 1219 953 1245 esse
971 1221 1053 1245 non
1069 1214 1252 1259 possent,
1269 1223 1442 1263 usquam

168 1267 211 1298 86
231 1270 272 1305 in
289 1281 429 1306 eorum
445 1270 617 1305 inveniri
631 1268 790 1306 libellis.
846 1268 968 1317 Quod
983 1272 1016 1308 si
1031 1276 1194 1309 tantam
1209 1275 1291 1311 vim
1306 1287 1442 1313 rerum

230 1333 502 1368 maximarum
518 1336 607 1368 arte
628 1344 701 1369 sua
715 1330 908 1370 rhetorici
922 1332 979 1370 illi
994 1333 1181 1372 doctores
1197 1335 1443 1387 complecte-

230 1399 387 1438 rentur,
403 1394 645 1444 quaerebat,
660 1407 731 1432 cur
750 1394 802 1432 de
817 1398 1049 1445 prooemiis,
1066 1402 1109 1434 et
1128 1396 1180 1435 de
1201 1398 1384 1451 epilogis,
1397 1405 1441 1439 et

230 1455 282 1494 de
320 1455 551 1494 huiusmodi
588 1459 707 1508 nugis
745 1456 818 1508 (sic
860 1460 969 1495 enim
1007 1459 1260 1512 appellabat)
1297 1460 1440 1502 referti

231 1524 369 1556 essent
399 1532 540 1556 eorum
569 1518 690 1565 libri;
734 1519 786 1558 de
816 1521 1049 1559 civitatibus
1079 1523 1357 1571 instituendis,
1385 1525 1438 1564 de

229 1581 451 1619 scribendis
474 1581 648 1633 legibus,
671 1581 723 1620 de
747 1585 975 1634 aequitate,
998 1583 1050 1622 de
1072 1586 1245 1632 iustitia,
1267 1586 1320 1625 de
1343 1587 1439 1635 fide,

228 1643 280 1682 de
317 1643 555 1695 frangendis
593 1644 903 1695 cupiditatibus,
941 1645 993 1684 de
1031 1645 1330 1687 conformandis
1367 1649 1438 1689 ho-

227 1708 383 1744 minum
409 1707 604 1752 moribus,
622 1706 762 1745 littera
785 1710 827 1745 in
845 1721 986 1746 eorum
1013 1708 1124 1748 libris
1150 1710 1261 1748 nulla
1283 1713 1438 1751 inveni-

163 1776 206 1808 87
228 1770 369 1807 retur?
426 1769 521 1820 Ipsa
545 1783 640 1808 vero
668 1776 891 1821 praecepta
915 1774 970 1808 sic
998 1771 1168 1811 illudere
1196 1773 1369 1821 solebat,
1390 1781 1437 1815 ut

226 1831 480 1878 ostenderet,
510 1845 591 1870 non
619 1832 741 1871 modo
772 1846 840 1871 eos
869 1833 974 1871 illius
1004 1841 1195 1886 expertes
1225 1849 1314 1875 esse
1341 1851 1436 1889 pru—

529 1999 545 2016 ⁰
568 1995 790 2029 Charmadas
806 1995 847 2030 of
859 1996 920 2031 the
935 1996 1134 2042 Academy.
