1560 2294
758 83 963 123 CICERO

192 193 236 227 92
256 189 383 227 etiam
400 190 534 239 ipsum
553 201 689 226 errare
708 188 948 227 arbitrabar.
1003 189 1151 227 Artem
1169 202 1265 228 vero
1282 190 1465 243 negabat

256 268 346 294 esse
366 254 505 301 ullam,
525 257 600 293 nisi
622 268 728 307 quae
749 258 937 307 cognitis,
956 258 1205 308 penitusque
1223 260 1465 309 perspectis,

256 327 301 361 et
346 324 389 360 in
438 335 566 360 unum
613 325 772 360 exitum
818 323 1115 374 spectantibus,
1160 329 1205 363 et
1253 337 1464 377 nunquam

254 388 492 428 fallentibus
518 389 641 428 rebus
668 392 977 436 contineretur3
1017 389 1120 429 haec
1146 396 1288 430 autem
1313 394 1464 439 omnia,

255 470 362 509 quae
410 462 689 495 tractarentur
732 457 785 495 ab
832 458 1076 504 oratoribus,
1117 458 1244 497 dubia
1290 471 1379 498 esse
1421 465 1466 498 et

255 527 441 570 incerta3
479 537 572 562 cum
606 529 651 563 et
683 524 918 563 dicerentur
955 525 1008 563 ab
1041 527 1114 571 eis,
1142 528 1213 578 qui
1247 539 1298 565 ea
1329 529 1466 566 omnia

256 605 338 630 non
358 591 480 643 plane
502 596 710 638 tenerent,
727 597 772 630 et
791 591 1032 631 audirentur
1052 593 1105 631 ab
1126 595 1200 639 eis,
1215 594 1362 646 quibus
1383 607 1466 633 non

256 661 427 698 scientia
444 664 554 697 esset
570 658 787 705 tradenda,
803 659 877 698 sed
893 662 1031 712 exigui
1047 663 1244 712 temporis
1261 666 1334 700 aut
1348 660 1466 708 falsa,

194 739 236 772 93
257 732 330 765 aut
362 732 476 765 certe
513 727 685 765 obscura
718 729 866 778 opinio.
922 726 1034 775 Quid
1064 727 1229 766 multa?
1277 731 1335 767 sic
1365 728 1466 767 mihi

256 800 346 832 tum
379 794 628 846 persuadere
661 793 894 840 videbatur,
922 807 1059 846 neque
1093 795 1310 834 artificium
1338 796 1465 835 ullum

257 875 346 900 esse
375 861 553 907 dicendi,
578 874 714 913 neque
744 874 994 913 quemquam
1022 875 1156 914 posse,
1181 865 1258 901 nisi
1288 866 1358 915 qui
1383 863 1466 910 illa,

256 942 363 981 quae
397 942 422 967 a
454 929 697 967 doctissimis
730 927 962 967 hominibus
995 931 1038 967 in
1069 929 1326 982 philosophia
1357 930 1466 970 dice-

254 1002 412 1042 rentur,
431 1001 663 1048 cognosset,
683 1001 756 1034 aut
774 995 919 1034 callide
939 1001 1012 1035 aut
1031 999 1192 1048 copiose
1212 997 1360 1036 dicere.
1417 998 1466 1036 In

255 1064 403 1116 quibus
434 1063 571 1102 dicere
602 1062 852 1101 Charmadas
884 1063 1057 1110 solebat,
1088 1066 1300 1116 ingenium
1331 1070 1465 1112 tuum,

255 1130 415 1176 Crasse,
438 1129 708 1168 vehementer
731 1129 950 1176 admirans,
972 1143 1040 1169 me
1064 1131 1140 1170 sibi
1162 1130 1400 1183 perfacilem
1422 1135 1465 1171 in

256 1197 475 1244 audiendo,
494 1202 539 1236 te
557 1210 864 1249 perpugnacem
882 1199 925 1235 in
944 1197 1192 1249 disputando
1212 1211 1301 1237 esse
1320 1201 1463 1238 visum.

194 1279 238 1312 94
308 1265 421 1303 XXI.
450 1264 638 1316 Tumque
660 1277 752 1316 ego,
772 1263 849 1302 hac
871 1264 1017 1303 eadem
1037 1267 1228 1316 opinione
1249 1265 1464 1312 adductus,

256 1334 395 1384 scripsi
429 1334 555 1370 etiam
587 1331 687 1370 illud
720 1332 899 1383 quodam
930 1334 973 1370 in
1004 1332 1156 1379 libello,
1189 1335 1258 1385 qui
1290 1346 1358 1372 me
1389 1336 1464 1372 im-

256 1399 461 1451 prudente
497 1404 542 1437 et
575 1401 703 1437 invito
739 1399 906 1445 excidit,
942 1404 986 1438 et
1019 1402 1209 1451 pervenit
1242 1402 1286 1438 in
1319 1414 1465 1440 manus

256 1467 481 1512 hominum,
506 1466 680 1505 disertos
704 1479 772 1504 me
797 1480 994 1519 cognosse
1019 1467 1247 1514 nonnullos,
1272 1467 1465 1521 eloquen-

256 1540 343 1574 tem
358 1534 491 1573 adhuc
504 1536 711 1572 neminem
730 1546 741 1573 ι
769 1534 879 1586 quod
893 1547 988 1572 eum
1002 1535 1238 1573 statuebam
1251 1535 1464 1582 disertum,

256 1605 325 1654 qui
341 1607 482 1654 posset
498 1604 596 1640 satis
613 1606 748 1647 acute,
765 1607 891 1653 atque
908 1601 1098 1647 dilucide,
1115 1602 1225 1653 apud
1239 1602 1464 1642 mediocres

256 1669 440 1708 homines
468 1682 520 1707 ex
546 1671 750 1707 communi
778 1669 956 1721 quadam
980 1671 1169 1720 opinione
1196 1669 1357 1716 dicere;
1384 1670 1466 1709 elo-

256 1742 455 1789 quentem
469 1749 579 1782 vero,
593 1739 662 1788 qui
676 1736 898 1774 mirabilius
914 1741 957 1774 et
969 1736 1298 1788 magnificentius
1312 1750 1464 1790 augere

257 1809 397 1856 posset
419 1809 545 1855 atque
567 1816 727 1849 ornare,
749 1816 855 1855 quae
878 1803 1015 1849 vellet,
1037 1817 1262 1856 omnesque
1283 1807 1464 1843 omnium

257 1884 408 1917 rerum,
431 1883 537 1922 quae
562 1870 614 1909 ad
636 1870 855 1909 dicendum
877 1873 1148 1922 pertinerent,
1170 1869 1306 1910 fontes
1329 1874 1464 1910 animo

258 1953 305 1978 ac
327 1941 524 1977 memoria
547 1941 790 1977 contineret.
847 1938 896 1977 Id
918 1941 951 1977 si
974 1943 1038 1977 est
1060 1938 1219 1977 difficile
1242 1939 1372 1985 nobis,
1394 1940 1463 1991 qui

260 2047 311 2083 66
