1560 2294
750 130 955 170 CICERO

248 253 422 293 quarum
435 238 566 277 altera
578 237 897 276 concitationem
908 234 1051 280 habet,
1060 233 1192 272 altera
1199 232 1459 272 commenda-

248 306 419 348 tionem,
452 314 559 353 quae
592 301 760 338 minime
792 299 1025 349 praeceptis
1058 298 1209 335 artium
1240 301 1338 335 sunt
1368 308 1460 348 per-

248 365 417 418 politae,
448 365 579 402 omnis
611 367 676 400 est
707 374 732 399 a
761 373 829 398 me
859 359 929 397 illa
959 372 1082 397 causa
1111 363 1306 405 tractata,
1337 363 1386 397 ut
1415 363 1461 397 et

250 430 469 467 acerrimus
490 428 533 464 in
554 424 771 476 Caepionis
796 422 949 461 invidia
969 421 1205 460 renovanda
1225 426 1271 460 et
1295 423 1339 459 in
1357 422 1461 459 meis

248 491 429 530 moribus
471 501 570 540 erga
609 499 723 525 meos
763 486 1012 524 necessarios
1053 483 1308 523 declarandis
1346 495 1462 522 man-

249 555 504 592 suetissimus
531 550 704 589 viderer.
762 548 829 586 Ita
854 549 985 599 magis
1013 545 1168 585 affectis
1192 547 1337 585 animis
1359 544 1462 584 iudi-

250 630 344 655 cum
382 628 508 666 quam
546 613 691 657 doctis,
729 616 818 656 tua,
853 609 1019 661 Sulpici,
1055 614 1120 648 est
1154 621 1180 646 a
1217 608 1334 648 nobis
1371 612 1462 647 tum

251 679 456 717 accusatio
475 678 595 715 victa.

168 750 234 784 202
305 740 352 779 L.
382 739 462 778 Hic
497 738 725 789 Sulpicius:
770 734 878 774 Vere
920 733 1071 780 hercle,
1108 735 1258 785 inquit,
1292 733 1463 780 Antoni,

250 807 331 842 ista
352 811 673 845 commemoras3
701 811 798 837 nam
822 811 899 850 ego
923 796 1022 836 nihil
1040 809 1223 848 unquam
1241 795 1338 842 vidi,
1352 795 1463 848 quod

251 873 339 905 tam
357 879 380 904 e
398 864 587 903 manibus
606 862 854 906 elaberetur,
873 873 997 912 quam
1015 858 1115 897 mihi
1132 864 1224 897 tum
1242 863 1307 897 est
1324 857 1464 910 elapsa

251 929 320 967 illa
339 940 474 967 causa.
532 925 637 964 Cum
657 926 781 970 enim,
802 936 926 975 quem
950 922 1003 960 ad
1025 922 1195 960 modum
1214 921 1368 967 dixisti,
1386 920 1463 959 tibi

253 1005 331 1044 ego
357 1003 440 1029 non
466 988 676 1033 iudicium,
700 986 774 1025 sed
796 985 1032 1024 incendium
1058 984 1333 1030 tradidissem,
1353 982 1464 1035 quod

252 1061 372 1094 tuum
402 1053 661 1104 principium,
692 1049 734 1088 di
766 1047 1033 1093 immortales,
1059 1045 1158 1086 fuit!
1202 1045 1283 1095 Qui
1316 1045 1462 1084 timor!

253 1117 372 1166 Quae
392 1113 623 1154 dubitatio!
679 1111 848 1160 Quanta
866 1110 1087 1148 haesitatio
1110 1114 1351 1160 tractusque
1377 1120 1466 1147 verb

253 1180 399 1219 borum
418 1178 426 1216 !
476 1176 537 1215 Ut
550 1175 652 1213 illud
666 1177 797 1220 initio,
811 1172 922 1225 quod
941 1173 1017 1210 tibi
1037 1185 1165 1210 unum
1181 1171 1235 1210 ad
1252 1173 1466 1223 ignoscen-

253 1242 353 1282 dum
379 1240 566 1278 homines
595 1237 765 1282 dabant,
793 1237 979 1280 tenuisti,
1007 1240 1051 1273 te
1079 1247 1153 1285 pro
1181 1233 1346 1272 homine
1374 1245 1466 1284 per-

253 1304 497 1347 necessario,
510 1305 730 1353 quaestore
743 1304 830 1344 tuo,
843 1298 979 1336 dicere
995 1297 1003 1335 !
1051 1295 1188 1344 Quam
1200 1296 1276 1335 tibi
1288 1298 1466 1347 primum

170 1379 236 1413 203
253 1368 423 1406 munisti
451 1364 505 1403 ad
532 1369 577 1402 te
606 1361 858 1400 audiendum
883 1359 1016 1398 viam!
1070 1358 1178 1397 Ecce
1198 1363 1354 1404 autem,
1371 1371 1465 1397 cum

254 1436 298 1469 te
325 1427 426 1468 nihil
453 1426 564 1465 aliud
591 1423 811 1476 profecisse
840 1422 1074 1468 arbitrarer,
1102 1423 1178 1459 nisi
1205 1426 1254 1460 ut
1280 1419 1466 1460 homines

253 1493 330 1531 tibi
353 1493 484 1530 civem
507 1488 740 1539 improbum
764 1484 1007 1525 defendenti
1031 1483 1327 1536 ignoscendum
1346 1496 1466 1535 prop-

252 1561 319 1594 ter
360 1550 708 1592 necessitudinem
751 1549 1063 1592 arbitrarentur,
1099 1559 1264 1598 serpere
1306 1544 1466 1584 occulte

253 1618 440 1668 coepisti,
468 1613 669 1652 nihildum
703 1611 789 1649 aliis
819 1609 1134 1661 suspicantibus,
1162 1621 1230 1647 me
1259 1621 1356 1647 vero
1383 1610 1466 1646 iam

255 1681 591 1731 pertimescente,
610 1680 658 1713 ut
680 1674 792 1712 illam
815 1686 898 1711 non
916 1671 1098 1710 Norbani
1115 1670 1375 1716 seditionem,
1393 1669 1465 1709 sed

258 1740 403 1793 Populi
426 1739 600 1778 Romani
622 1736 875 1775 iracundiam
897 1747 1033 1786 neque
1054 1747 1146 1772 eam
1165 1735 1374 1778 iniustam,
1393 1731 1467 1772 sed

258 1806 449 1843 meritam
472 1815 519 1840 ac
542 1801 727 1840 debitam
749 1797 874 1836 fuisse
897 1795 1155 1836 defenderes.
1211 1795 1374 1834 Deinde
1397 1796 1467 1847 qui

259 1867 370 1905 locus
390 1878 415 1903 a
433 1870 477 1903 te
500 1864 813 1915 praetermissus
840 1865 905 1899 est
931 1862 974 1897 in
1003 1858 1288 1910 Caepionem?
1341 1857 1402 1897 Ut
1419 1862 1467 1896 tu

257 1929 327 1968 illa
339 1929 476 1966 omnia
488 1926 596 1971 odio,
604 1924 770 1969 invidia,
778 1921 1054 1961 misericordia
1065 1920 1281 1959 miscuisti!
1321 1919 1467 1972 Neque

260 1991 362 2029 haec
390 1989 522 2028 solum
548 1991 592 2027 in
618 1985 872 2031 defensione,
898 1984 972 2024 sed
1001 1986 1128 2022 etiam
1155 1986 1198 2021 in
1226 1983 1377 2022 Scauro
1402 1994 1468 2022 ee-

260 2101 338 2138 846
