1560 2294
755 106 960 146 CICERO

251 212 536 252 cohortatione
553 218 627 252 aut
642 213 1032 252 commemoratione
1050 210 1187 262 aliqua
1202 214 1276 248 aut
1290 211 1334 247 in
1348 220 1465 260 spem

252 287 326 320 aut
355 284 398 320 in
427 287 587 320 metum
619 287 692 320 aut
723 280 776 319 ad
805 280 1079 332 cupiditatem
1109 283 1183 316 aut
1212 277 1266 316 ad
1294 275 1466 329 gloriam

251 350 531 396 concitandos,
547 362 671 401 saepe
689 351 816 387 etiam
832 362 856 386 a
871 350 1126 393 temeritate,
1140 345 1365 390 iracundia,
1380 355 1469 396 spe,

251 421 412 464 iniuria,
440 418 607 464 invidia,
635 417 882 456 crudelitate
911 414 1173 454 revocandos.
1230 411 1467 452 LXXXIII.

169 489 235 522 338
254 488 321 526 Fit
354 492 496 525 autem
527 491 589 532 ut,
618 488 715 538 quia
741 487 923 523 maxima
961 485 1078 536 quasi
1115 484 1288 521 oratoris
1321 492 1469 520 scaena

254 555 444 594 videatur
484 557 684 594 contionis
730 566 834 600 esse,
876 558 1025 591 natura
1062 554 1152 603 ipsa
1193 549 1246 589 ad
1286 550 1469 588 ornatius

254 623 418 662 dicendi
456 636 587 676 genus
626 624 882 668 excitemur3
933 620 1063 659 habet
1101 621 1211 657 enim
1246 615 1470 656 multitudo

255 695 338 731 vim
362 692 570 744 quandam
594 691 722 730 talem
745 695 807 736 ut,
827 688 1177 742 quemadmodum
1202 687 1358 726 tibicen
1382 687 1470 723 sine

255 762 366 799 tibiis
399 773 562 806 canere,
595 762 652 798 sic
684 764 822 798 orator
854 760 942 796 sine
974 755 1241 795 multitudine
1275 753 1470 792 audiente

170 835 237 868 339
257 829 454 881 eloquens
482 841 572 867 esse
599 841 683 866 non
716 829 858 879 possit.
932 825 990 864 Et
1014 838 1109 863 cum
1138 826 1222 862 sint
1253 821 1471 874 populares

254 897 375 936 multi
395 899 578 949 variique
596 895 749 948 lapsus,
769 894 938 934 vitanda
958 899 1022 932 est
1041 892 1282 931 acclamatio
1301 890 1471 929 adversa

254 965 409 1018 populi,
427 978 534 1018 quae
553 970 626 1003 aut
649 966 844 1003 orationis
867 968 1039 1014 peccato
1063 961 1199 1012 aliquo
1217 961 1423 998 excitatur
1438 959 1472 996 si

256 1048 416 1086 aspere,
444 1036 477 1071 si
506 1038 761 1085 arroganter,
785 1034 818 1070 si
845 1033 1038 1082 turpiter,
1065 1031 1099 1067 si
1126 1027 1304 1073 sordide,
1330 1029 1364 1065 si
1391 1038 1473 1078 quo

258 1105 383 1141 animi
402 1104 500 1140 vitio
519 1101 677 1140 dictum
695 1113 785 1139 esse
804 1098 959 1151 aliquid
977 1098 1154 1143 videtur,
1172 1101 1246 1135 aut
1261 1095 1473 1134 hominum

258 1170 482 1210 offensione
516 1169 582 1208 vel
615 1168 782 1214 invidia,
814 1180 921 1219 quae
960 1172 1034 1205 aut
1070 1168 1178 1204 iusta
1213 1170 1278 1203 est
1311 1168 1385 1202 aut
1421 1175 1474 1201 ex

259 1241 544 1278 criminatione
569 1243 697 1289 atque
720 1235 847 1282 fama,
873 1240 946 1274 aut
969 1247 1035 1273 res
1059 1236 1093 1272 si
1117 1232 1321 1284 displicet,
1345 1236 1419 1270 aut
1440 1233 1475 1270 si

261 1313 326 1346 est
353 1310 395 1345 in
419 1306 556 1358 aliquo
579 1311 697 1344 motu
725 1317 825 1343 suae
849 1303 1087 1355 cupiditatis
1112 1306 1186 1340 aut
1213 1306 1350 1339 metus
1372 1299 1476 1338 mul-

261 1376 411 1415 titudo.
468 1374 543 1413 His
572 1379 771 1426 quattuor
794 1374 925 1411 causis
954 1370 1131 1410 totidem
1153 1369 1382 1408 medicinae
1405 1381 1476 1420 op-

261 1449 499 1496 ponuntur:
542 1448 634 1481 tum
661 1442 908 1493 obiurgatio,
936 1442 969 1477 si
999 1444 1063 1477 est
1092 1439 1344 1483 auetoritas3
1386 1441 1476 1475 tum

263 1512 505 1557 admonitio,
522 1513 638 1562 quasi
658 1509 788 1548 lenior
803 1509 1036 1560 obiurgatio
1055 1520 1065 1552 ;
1094 1512 1185 1545 tum
1207 1507 1420 1557 promissio
1443 1506 1476 1543 si

264 1580 470 1619 audierint
512 1579 756 1631 probaturos
775 1589 786 1623 ;
837 1582 929 1615 tum
966 1575 1218 1627 deprecatio,
1256 1573 1368 1626 quod
1413 1577 1478 1612 est

180 1653 247 1687 340
265 1649 471 1687 infirmum
497 1647 571 1686 sed
594 1658 890 1697 nonnunquam
916 1643 1030 1682 utile.
1087 1642 1209 1681 Nullo
1229 1647 1371 1680 autem
1390 1640 1478 1680 loco

266 1717 357 1770 plus
387 1715 565 1755 facetiae
594 1719 767 1767 prosunt
796 1718 840 1752 et
868 1711 1057 1751 celeritas
1087 1716 1131 1750 et
1159 1711 1284 1749 breve
1314 1708 1478 1761 aliquod

267 1787 425 1825 dietum
463 1797 540 1822 nec
577 1786 665 1821 sine
704 1782 910 1833 dignitate
946 1786 990 1818 et
1028 1792 1122 1817 cum
1157 1778 1326 1830 lepore3
1379 1776 1478 1816 nihil

268 1857 378 1893 enim
399 1859 487 1891 tam
513 1850 633 1890 facile
655 1863 780 1902 quam
801 1847 1025 1887 multitudo
1047 1860 1071 1884 a
1091 1849 1262 1885 tristitia
1282 1851 1327 1885 et
1353 1858 1478 1898 saepe

267 1923 320 1961 ab
340 1922 567 1960 acerbitate
586 1917 800 1957 commode
820 1923 865 1956 et
887 1917 1068 1955 breviter
1086 1920 1131 1953 et
1149 1919 1270 1953 acute
1289 1919 1335 1954 et
1350 1913 1478 1952 hilare

268 1991 379 2029 dicto
398 1988 629 2028 deducitur.

267 2073 344 2108 454
