1560 2294
761 119 965 160 CICERO

259 230 399 279 peritis
427 228 541 265 exitu
568 231 612 265 et
638 227 806 264 victoria
831 225 1058 270 iudicatur3
1095 225 1165 263 ubi
1192 224 1311 264 adest
1336 238 1467 264 arma-

259 297 325 330 tus
352 291 619 336 adversarius,
640 292 709 341 qui
734 292 787 328 sit
816 295 860 327 et
880 288 1088 328 feriendus
1115 294 1159 327 et
1181 289 1466 340 repellendus;

258 356 327 394 ubi
341 368 465 407 saepe
479 357 526 400 is,
541 357 611 406 qui
625 356 684 392 rei
698 354 885 392 dominus
900 352 1061 391 futurus
1077 359 1154 400 est,
1169 353 1324 392 alienus
1339 360 1465 406 atque

257 422 398 466 iratus,
423 425 496 458 aut
525 422 652 457 etiam
676 421 828 457 amicus
858 418 1088 457 adversario
1115 424 1159 457 et
1181 421 1366 458 inimicus
1389 420 1464 459 tibi

259 490 350 530 est;
386 498 479 523 cum
503 489 576 522 aut
604 483 811 522 docendus
837 485 870 521 is
895 488 972 529 est,
994 488 1067 521 aut
1095 483 1371 530 dedocendus,
1393 490 1466 524 aut

257 549 555 600 reprimendus,
587 553 661 586 aut
693 548 938 594 incitandus,
972 553 1045 586 aut
1078 550 1188 586 omni
1220 551 1379 587 ratione
1412 549 1466 588 ad

256 619 435 665 tempus,
449 613 502 652 ad
514 626 679 651 causam
692 615 876 651 oratione
889 613 1178 659 moderandus;
1192 615 1235 651 in
1247 627 1328 666 quo
1340 627 1464 666 saepe

255 678 544 717 benevolentia
567 678 620 716 ad
642 678 795 723 odium,
818 677 957 716 odium
981 683 1122 716 autem
1145 677 1198 716 ad
1219 679 1465 718 benevolen-

255 746 357 782 tiam
385 743 673 782 deducendum
702 748 794 788 est3
837 748 910 781 aut
936 747 1136 794 tanquam
1162 742 1465 783 machinatione

257 808 406 859 aliqua,
441 813 532 846 tum
569 807 622 846 ad
657 809 936 853 severitatem,
972 813 1062 845 tum
1098 807 1152 846 ad
1185 811 1465 848 remissionem

258 875 395 918 animi,
410 878 501 911 tum
517 872 569 911 ad
588 874 814 917 tristitiam,
826 877 917 910 tum
933 872 986 910 ad
1003 871 1207 910 laetitiam
1222 878 1286 911 est
1306 879 1465 912 contor-

257 937 456 989 quendus.
510 937 705 976 Omnium
725 939 1025 975 sententiarum
1044 939 1263 989 gravitate,
1283 941 1464 978 omnium

193 1015 236 1047 73
257 1002 471 1040 verborum
486 1001 735 1053 ponderibus
752 1007 816 1039 est
831 1001 1045 1040 utendum.
1098 1002 1283 1041 Accedat
1298 1009 1464 1054 oportet

255 1068 361 1104 actio
391 1069 516 1111 varia,
546 1065 782 1111 vehemens,
812 1065 935 1116 plena
965 1068 1103 1111 animi,
1132 1065 1256 1117 plena
1284 1070 1463 1119 spiritus,

254 1130 376 1181 plena
394 1130 555 1175 doloris,
573 1129 696 1181 plena
714 1133 910 1168 veritatis.
968 1130 1016 1167 In
1034 1130 1095 1168 his
1114 1132 1304 1182 operibus
1322 1135 1355 1170 si
1373 1135 1462 1185 quis

254 1194 364 1232 illam
403 1200 536 1232 artem
574 1193 947 1245 comprehenderit,
980 1200 1027 1232 ut
1061 1200 1260 1247 tanquam
1299 1195 1462 1236 Phidias

256 1258 469 1297 Minervae
493 1261 656 1310 signum
679 1258 838 1296 efficere
861 1261 1003 1310 possit,
1027 1273 1109 1297 non
1131 1273 1244 1306 sane,
1267 1261 1464 1312 quemad-

253 1323 420 1361 modum
446 1328 493 1361 ut
521 1325 563 1360 in
591 1322 722 1373 clipeo
750 1322 861 1361 idem
887 1321 1037 1361 artifex
1061 1326 1219 1362 minora
1245 1324 1314 1363 illa
1338 1339 1463 1378 opera

253 1385 388 1425 facere
409 1387 553 1432 discat,
572 1387 787 1425 laborabit.

190 1463 236 1498 74
304 1451 460 1488 XVIII.
490 1451 596 1488 Tum
624 1450 822 1489 Catulus:
855 1451 947 1499 Quo
975 1454 1055 1490 ista
1081 1455 1235 1491 maiora
1265 1467 1313 1492 ac
1342 1457 1461 1494 mira-

254 1515 395 1553 biliora
424 1514 572 1560 fecisti,
603 1528 652 1553 eo
682 1528 749 1553 me
779 1518 908 1554 maior
939 1519 1194 1567 exspectatio
1224 1523 1344 1557 tenet
1373 1522 1461 1572 qui-

254 1579 425 1617 busnam
451 1579 676 1617 rationibus
697 1580 927 1631 quibusque
947 1583 1177 1632 praeceptis
1197 1594 1246 1620 ea
1265 1587 1385 1622 tanta
1402 1586 1460 1623 vis

253 1648 532 1694 comparetur:
553 1657 634 1681 non
647 1657 728 1695 quo
737 1656 830 1681 mea
839 1644 1006 1695 quidem
1018 1647 1099 1682 iam
1108 1648 1459 1700 intersit—neque

253 1710 362 1746 enim
382 1713 496 1745 aetas
516 1707 559 1745 id
576 1721 670 1745 mea
689 1708 897 1746 desiderat
916 1714 960 1746 et
979 1708 1087 1747 aliud
1104 1710 1311 1761 quoddam
1328 1725 1458 1764 genus

252 1771 413 1810 dicendi
433 1785 506 1810 nos
526 1775 656 1810 secuti
678 1785 831 1818 sumus,
844 1775 914 1824 qui
934 1786 1144 1824 nunquam
1159 1779 1386 1815 sententias
1405 1777 1458 1816 de

250 1836 438 1873 manibus
458 1835 638 1874 iudicum
659 1838 697 1874 vi
719 1836 897 1887 quadam
918 1839 1110 1875 orationis
1133 1842 1390 1887 extorsimus,
1411 1854 1458 1880 ac

250 1902 386 1951 potius
410 1899 580 1951 placatis
606 1913 747 1938 eorum
772 1903 930 1946 animis,
954 1906 1133 1948 tantum,
1158 1909 1359 1954 quantum
1382 1907 1458 1957 ipsi

251 1964 531 2014 patiebantur,
547 1967 844 2016 accepimus—,
859 1965 933 2004 sed
953 1970 1094 2004 tamen
1115 1969 1195 2006 ista
1213 1973 1286 2006 tua
1303 1968 1459 2008 nullum

252 2074 329 2110 252
