1560 2294
742 111 947 151 CICERO

238 210 290 250 de
310 211 372 251 his
391 213 514 252 rebus
532 212 789 261 habuissent,
803 215 1044 254 mandarem
1058 215 1221 262 litteris,
1236 215 1302 255 vel
1319 221 1368 255 ut
1379 214 1449 254 illa

236 290 387 339 opinio,
412 303 519 342 quae
543 304 707 342 semper
729 290 890 339 fuisset,
914 292 1142 338 tolleretur,
1167 292 1344 331 alterum
1366 305 1448 330 non

235 363 532 413 doctissimum,
553 367 730 406 alterum
750 367 873 420 plane
893 369 1107 407 indoctum
1126 368 1252 408 fuisse
1270 382 1281 416 3
1316 367 1383 408 vel
1401 372 1450 406 ut

235 453 300 488 ea,
329 455 437 494 quae
467 446 748 483 existimarem
777 458 802 483 a
830 448 998 484 summis
1027 446 1256 484 oratoribus
1285 445 1338 484 de
1368 444 1450 483 elo-

235 521 408 570 quentia
438 520 633 560 divinitus
665 535 754 560 esse
786 522 911 569 dicta,
942 522 1192 561 custodirem
1221 522 1386 568 litteris,
1414 523 1449 560 si

236 594 318 634 ullo
337 597 460 636 modo
486 601 648 650 assequi
673 599 974 651 complectique
992 602 1245 651 potuissem;
1273 598 1339 638 vel
1362 611 1448 637 me-

236 671 401 713 hercule
418 677 560 722 etiam,
575 681 624 714 ut
637 675 805 715 laudem
821 689 977 723 eorum,
992 679 1075 715 iam
1089 690 1218 728 prope
1233 688 1448 715 senescen-

235 755 338 796 tem,
368 757 572 803 quantum
603 766 681 805 ego
710 766 889 805 possem,
919 754 973 792 ab
1003 753 1206 792 oblivione
1235 752 1448 792 hominum

195 833 218 866 8
235 832 363 879 atque
401 841 426 867 a
462 828 626 868 silentio
663 830 925 869 vindicarem.
982 830 1089 869 Nam
1126 833 1160 869 si
1197 843 1251 869 ex
1287 831 1447 881 scriptis

234 907 424 957 cognosci
441 908 519 957 ipsi
538 909 620 946 suis
639 910 887 958 potuissent,
906 909 1040 946 minus
1059 907 1136 946 hoc
1154 906 1329 946 fortasse
1347 905 1447 944 mihi

234 994 324 1020 esse
368 989 581 1034 putassem
625 983 896 1023 laborandum
915 998 924 1023 :
974 985 1048 1023 sed
1091 998 1185 1023 cum
1223 983 1329 1022 alter
1365 996 1446 1022 non

232 1059 411 1098 multum
439 1060 551 1112 quod
579 1061 748 1113 quidem
777 1067 976 1108 exstaret,
1005 1067 1050 1100 et
1077 1061 1120 1100 id
1147 1064 1282 1113 ipsum
1310 1059 1448 1099 adole-

232 1149 364 1183 scens,
384 1137 490 1176 alter
507 1137 608 1176 nihil
635 1138 858 1177 admodum
877 1141 1018 1190 scripti
1036 1138 1284 1190 reliquisset,
1303 1137 1446 1176 deberi

232 1211 309 1251 hoc
338 1226 363 1251 a
389 1227 458 1253 me
486 1217 615 1253 tantis
643 1214 856 1254 hominum
880 1217 1056 1267 ingeniis
1078 1217 1236 1267 putavi,
1262 1219 1324 1260 ut,
1352 1227 1445 1253 cum

233 1292 361 1329 etiam
375 1304 483 1330 nunc
497 1293 632 1330 vivam
645 1291 807 1331 illorum
819 1294 1061 1331 memoriam
1075 1297 1327 1338 teneremus,
1339 1290 1445 1329 hanc

193 1376 215 1409 9
232 1368 507 1407 immortalem
528 1368 763 1415 redderem,
781 1371 815 1408 si
832 1382 1010 1420 possem.
1057 1367 1180 1416 Quod
1210 1367 1288 1407 hoc
1319 1370 1445 1407 etiam

234 1457 307 1496 spe
323 1445 541 1497 aggredior
555 1448 709 1485 maiore
725 1446 778 1485 ad
792 1446 1065 1497 probandum,
1081 1448 1178 1497 quia
1192 1458 1275 1484 non
1290 1445 1342 1484 de
1357 1443 1443 1483 Ser.

234 1521 407 1568 Galbae,
428 1528 501 1561 aut
521 1522 566 1561 C.
588 1522 785 1561 Carbonis
806 1522 1044 1574 eloquentia
1063 1522 1195 1560 scribo
1215 1521 1383 1574 aliquid,
1401 1523 1445 1559 in

232 1612 314 1651 quo
329 1598 453 1638 liceat
467 1599 568 1638 mihi
584 1600 755 1652 fingere,
771 1602 804 1638 si
820 1599 920 1651 quid
935 1599 1071 1646 velim,
1084 1599 1232 1637 nullius
1246 1600 1445 1637 memoria

231 1677 313 1715 iam
328 1690 395 1715 me
411 1675 630 1715 refellente
647 1690 657 1715 ι
680 1676 755 1715 sed
772 1676 850 1715 edo
866 1675 969 1715 haec
985 1679 1043 1715 eis
1059 1675 1358 1728 cognoscenda,
1373 1677 1443 1727 qui

231 1765 301 1792 eos
315 1755 439 1805 ipsos,
454 1753 507 1792 de
523 1753 671 1805 quibus
686 1752 845 1805 loquor,
860 1765 985 1804 saepe
1001 1752 1222 1791 audierunt
1239 1764 1250 1798 ;
1279 1756 1328 1790 ut
1342 1751 1444 1790 duos

229 1842 409 1868 summos
449 1832 554 1868 viros
594 1831 667 1876 eis,
707 1832 777 1881 qui
816 1835 1011 1868 neutrum
1053 1829 1215 1868 illorum
1252 1827 1443 1874 viderint,

232 1918 387 1952 eorum,
410 1907 558 1958 quibus
588 1906 710 1944 ambo
738 1906 795 1944 illi
819 1911 1002 1944 oratores
1031 1907 1186 1958 cogniti
1213 1907 1310 1950 sint,
1335 1906 1443 1943 vivo-

230 1997 321 2022 rum
340 1988 385 2023 et
402 1986 683 2035 praesentium
701 1985 900 2022 memoria
917 1987 1043 2028 teste,
1061 1981 1410 2020 commendemus.

230 2078 307 2113 202
