1560 2294
769 108 973 148 CICERO

266 221 393 268 atque
401 220 634 267 perspecta,
641 214 738 253 locis
747 214 935 252 omnibus
944 215 1120 251 inventis
1131 217 1258 264 atque
1265 213 1475 251 instructis

182 305 248 338 319
267 298 607 338 considerandum
622 303 686 336 est
701 310 782 349 quo
797 299 996 348 principio
1011 298 1065 334 sit
1077 295 1292 334 utendum.
1333 294 1399 334 Sic
1413 297 1475 334 ut²

267 381 386 421 facile
401 384 931 433 reperientur—sumentur
955 382 1065 418 enim
1085 392 1137 418 ex
1157 381 1216 418 eis
1230 379 1352 418 rebus
1368 391 1475 430 quae

268 471 390 504 erunt
405 465 636 504 uberrimae
655 463 722 502 vel
741 465 784 502 in
799 465 1053 515 argumentis
1072 462 1138 501 vel
1155 465 1199 501 in
1218 465 1276 501 eis
1290 462 1476 514 partibus

269 548 322 587 ad
351 562 453 600 quas
485 548 571 587 dixi
601 547 762 599 digredi
790 559 915 598 saepe
944 549 1250 598 oportere—ita
1277 547 1477 584 momenti

269 633 424 685 aliquid
444 632 633 679 afferent,
653 646 748 671 cum
774 637 896 670 erunt
923 645 1058 683 paene
1086 645 1138 670 ex
1164 633 1310 669 intima
1335 629 1477 670 defen-

269 721 382 756 sione
402 718 649 770 deprompta
669 722 713 755 et
739 717 957 768 apparebit
976 729 1027 755 ea
1044 729 1127 755 non
1145 715 1268 755 modo
1287 729 1370 755 non
1388 729 1477 755 esse

269 804 503 841 communia
527 815 605 840 nec
635 803 679 839 in
712 800 810 839 alias
845 813 987 839 causas
1014 813 1136 852 posse
1165 798 1378 838 transferri
1405 799 1478 839 sed

269 888 436 938 penitus
466 899 518 924 ex
553 898 603 924 ea
638 897 762 923 causa
795 897 902 937 quae
931 887 1040 923 tum¹
1067 889 1216 936 agatur
1245 883 1477 923 effloruisse.

187 980 253 1014 320
272 969 463 1008 LXXIX.
494 969 629 1008 Omne
671 973 814 1007 autem
856 970 1108 1023 principium·
1146 972 1219 1006 aut
1255 969 1316 1006 rei
1351 970 1480 1006 totius

272 1066 379 1105 quae
422 1058 571 1105 agetur
617 1051 960 1104 significationem
1002 1050 1157 1090 habere
1199 1051 1371 1090 debebit
1407 1057 1481 1091 aut

273 1137 433 1176 aditum
455 1136 508 1174 ad
529 1148 695 1174 causam
717 1140 762 1173 et
788 1137 1153 1173 communitionem
1179 1140 1253 1173 aut
1273 1135 1481 1187 quoddam

272 1225 562 1259 ornamentum
582 1224 627 1257 et
649 1219 920 1271 dignitatem;
953 1218 1028 1256 sed
1046 1223 1225 1269 oportet,
1245 1223 1293 1257 ut
1312 1219 1481 1258 aedibus

270 1317 318 1342 ac
335 1303 501 1355 templis
519 1301 723 1341 vestibula
741 1307 786 1340 et
804 1301 954 1348 aditus,
972 1304 1029 1340 sic
1046 1304 1177 1340 causis
1194 1304 1393 1354 principia
1407 1316 1482 1355 pro

270 1390 458 1439 portione
481 1399 619 1425 rerum
642 1398 898 1437 praeponere
917 1398 927 1431 ;
965 1387 1108 1436 itaque
1131 1387 1175 1423 in
1197 1387 1332 1437 parvis
1356 1391 1483 1439 atque

270 1470 601 1523 infrequentibus
633 1472 764 1508 causis
793 1469 846 1507 ab
873 1471 962 1520 ipsa
989 1482 1034 1507 re
1063 1474 1128 1508 est
1155 1469 1332 1508 exordiri
1358 1482 1483 1522 saepe

189 1567 252 1601 321
272 1554 524 1593 commodius
543 1566 553 1600 ;
585 1553 660 1592 sed
687 1566 782 1591 cum
811 1555 890 1591 erit
918 1552 1121 1590 utendum
1143 1554 1355 1604 principio,
1372 1553 1483 1606 quod

274 1638 517 1690 plerumque
538 1639 631 1682 erit,
650 1642 724 1674 aut
747 1649 800 1675 ex
822 1649 893 1675 reo
912 1641 986 1675 aut
1009 1649 1061 1674 ex
1085 1635 1316 1675 adversario
1335 1642 1408 1676 aut
1430 1650 1482 1676 ex

274 1735 319 1760 re
335 1726 408 1760 aut
423 1734 475 1760 ex
491 1723 549 1759 eis
565 1719 677 1771 apud
691 1733 793 1772 quos
809 1724 957 1772 agetur
972 1722 1200 1758 sententias
1216 1719 1310 1758 duci
1328 1719 1480 1760 licebit.

274 1804 339 1843 Ex
362 1816 576 1843 reo—reos
605 1802 768 1854 appello
792 1815 966 1854 quorum
991 1815 1056 1841 res
1081 1808 1306 1855 est—quae
1331 1803 1483 1856 signifi-

273 1893 370 1926 cent
382 1887 536 1926 bonum
549 1888 693 1931 virum,
707 1898 813 1937 quae
826 1884 1052 1932 liberalem,
1066 1898 1172 1937 quae
1185 1885 1482 1934 calamitosum,

363 1981 378 2002 ¹
404 1981 654 2024 Warminyton
667 1992 680 2015 .·
704 1983 751 2015 et.
1090 1979 1105 2001 ⁸
1126 1983 1205 2014 tum
1219 1992 1286 2015 om.
1304 1981 1384 2016 edd.

273 2063 350 2098 440
