1560 2294
755 110 960 151 CICERO

251 213 419 259 civibus,
445 213 556 266 quod
581 227 605 252 a
629 214 769 252 multis
796 217 994 267 arguitur,
1020 215 1072 255 de
1098 229 1252 268 genere
1277 219 1462 264 testium,

251 284 490 331 contraque,
509 293 616 331 quae
634 293 708 331 pro
726 293 797 318 reo
816 280 1018 327 dicentur,
1037 284 1174 320 omnia
1191 285 1419 322 necessario
1437 296 1463 322 a

251 349 438 396 tempore
458 350 584 396 atque
603 344 769 384 homine
789 345 843 384 ad
861 359 1098 386 communes
1117 360 1254 387 rerum
1274 353 1319 387 et
1337 361 1462 401 gene-

170 415 232 448 136
250 423 341 448 rum
390 423 569 449 summas
619 411 893 451 revolventur.
948 412 1090 464 Atque
1139 412 1242 452 haec
1290 412 1462 453 forsitan

250 474 404 513 homini
442 489 525 514 non
572 479 722 522 omnia,
761 490 869 529 quae
911 483 1008 516 sunt
1044 481 1087 516 in
1125 484 1274 518 natura
1310 492 1461 526 rerum,

251 540 440 579 celeriter
459 544 595 580 animo
615 542 982 593 comprehendenti
1001 544 1208 595 permulta
1230 543 1461 591 videantur,

194 620 198 624 ’
251 620 358 658 quae
387 610 556 646 veniant
582 610 623 645 in
649 608 843 646 iudicium
869 614 974 655 tum,
1001 623 1093 648 cum
1120 609 1172 648 de
1198 610 1309 649 facto
1338 623 1462 662 quae-

250 677 390 718 ratur3
437 673 511 711 sed
543 678 686 712 tamen
716 676 931 713 criminum
960 675 1183 714 multitudo
1217 682 1281 715 est
1315 681 1359 714 et
1392 675 1462 714 de-

250 736 496 785 fensionum,
515 752 598 777 non
615 738 796 778 locorum
814 739 988 779 infinita.

169 808 232 842 137
301 803 480 842 XXXII.
510 803 628 852 Quae
652 818 763 851 vero,
788 819 882 844 cum
905 805 958 844 de
983 804 1095 845 facto
1121 819 1204 845 non
1226 806 1463 859 ambigitur,

251 874 519 920 quaeruntur,
549 869 686 921 qualia
714 872 812 918 sint,
838 883 888 909 ea
921 873 955 909 si
989 884 1041 910 ex
1073 873 1153 910 reis
1186 885 1392 919 numeres,
1418 877 1463 911 et

250 934 565 973 innumerabilia
593 940 690 974 sunt
719 941 763 974 et
796 936 996 982 obscura3
1034 938 1068 975 si
1097 949 1149 975 ex
1176 937 1314 984 rebus,
1343 937 1462 976 valde

251 1005 296 1038 et
310 999 471 1039 modica
486 1005 531 1039 et
544 1000 730 1040 illustria.
779 1000 886 1040 Nam
898 1004 931 1040 si
947 1001 1132 1040 Mancini
1145 1015 1311 1041 causam
1323 1004 1367 1041 in
1380 1016 1462 1042 uno

252 1064 448 1104 Mancino
475 1068 679 1117 ponimus,
709 1069 1077 1119 quotienscumque
1112 1069 1160 1114 is,
1189 1081 1314 1120 quem
1342 1074 1463 1119 pater

252 1136 441 1182 patratus
465 1131 685 1177 dediderit,
707 1137 899 1183 receptus
928 1146 1011 1170 non
1040 1135 1132 1179 erit,
1161 1135 1314 1171 totiens
1340 1146 1462 1172 causa

251 1209 356 1234 nova
388 1201 592 1235 nascetur.
649 1196 719 1235 Sin
749 1196 818 1235 illa
849 1200 1124 1236 controversia
1155 1211 1320 1236 causam
1348 1197 1462 1245 facit,

251 1261 494 1300 videaturne
529 1264 581 1307 ei,
608 1275 732 1313 quem
760 1267 882 1314 pater
906 1268 1095 1314 patratus
1124 1262 1344 1310 dediderit,
1370 1266 1403 1302 si
1428 1265 1462 1302 is

250 1339 334 1365 non
360 1329 413 1365 sit
438 1332 645 1378 receptus,
670 1327 966 1379 postliminium
994 1341 1098 1374 esse,
1123 1327 1224 1366 nihil
1249 1328 1303 1367 ad
1329 1333 1462 1367 artem

251 1391 414 1430 dicendi
461 1405 538 1431 nec
586 1392 639 1431 ad
685 1398 933 1445 argumenta
982 1391 1230 1432 defensionis
1279 1393 1461 1432 Mancini

172 1469 233 1502 138
252 1470 403 1496 nomen
417 1460 613 1509 pertinet.
665 1458 741 1504 Ac,
756 1460 789 1497 si
809 1458 909 1510 quid
923 1457 1042 1497 affert
1055 1464 1274 1510 praeterea
1287 1458 1461 1498 hominis

251 1528 325 1561 aut
345 1522 523 1575 dignitas
545 1528 618 1561 aut
636 1522 874 1576 indignitas,
891 1529 1010 1562 extra
1029 1526 1315 1576 quaestionem
1335 1529 1399 1564 est
1418 1529 1462 1563 et

252 1601 302 1626 ea
334 1593 477 1627 tamen
508 1591 597 1639 ipsa
629 1591 759 1627 oratio
793 1588 846 1627 ad
877 1591 1054 1628 universi
1086 1591 1248 1642 generis
1281 1588 1462 1641 disputa-

251 1655 408 1692 tionem
445 1652 650 1692 referatur
686 1667 854 1693 necesse
893 1659 969 1693 est.
1025 1654 1141 1693 Haec
1178 1667 1256 1707 ego
1293 1667 1376 1693 non
1413 1667 1462 1694 eo

251 1718 417 1758 consilio
453 1718 632 1771 disputo,
668 1724 716 1758 ut
750 1718 936 1758 homines
972 1719 1153 1758 eruditos
1188 1719 1461 1772 redarguam;

251 1797 503 1836 quamquam
535 1783 866 1836 reprehendendi
899 1790 995 1823 sunt
1029 1787 1098 1837 qui
1131 1787 1174 1823 in
1205 1797 1359 1837 genere
1392 1784 1463 1824 de-

251 1848 430 1888 finiendo
465 1851 565 1888 istas
600 1863 742 1888 causas
778 1850 1015 1888 describunt
1049 1852 1091 1888 in
1125 1851 1307 1902 personis
1343 1854 1387 1888 et
1420 1852 1461 1888 in

171 1927 233 1962 139
253 1915 506 1966 temporibus
522 1917 676 1966 positas
691 1928 793 1953 esse.
839 1914 945 1953 Nam
959 1917 1036 1953 etsi
1051 1918 1263 1954 incurrunt
1275 1920 1463 1967 tempora

691 2016 707 2034 ¹
730 2011 798 2048 See
815 2011 919 2047 Book
935 2011 1027 2053 1,11.

254 2074 331 2118 296
