1560 2294
742 73 946 113 CICERO

239 175 506 223 vindicarent,
540 179 674 216 ornati
706 176 892 216 homines
925 179 968 216 in
1001 176 1174 216 dicendo
1209 181 1254 216 et
1285 189 1446 229 graves,

239 239 481 289 quibuscum
519 240 595 278 tibi
632 242 740 279 iusto
779 245 1036 279 sacramento
1074 239 1326 278 contendere
1364 252 1446 278 non

238 301 393 341 liceret.
450 302 660 354 Urgerent
685 308 904 354 praeterea
928 301 1260 354 philosophorum
1284 314 1447 354 greges,

238 367 320 402 iam
340 365 392 403 ab
409 365 477 403 illo
495 364 612 403 fonte
632 370 676 403 et
694 368 830 416 capite
849 365 1016 403 Socrate
1036 377 1046 411 ;
1079 364 1179 404 nihil
1195 370 1240 404 te
1259 364 1312 404 de
1329 364 1446 403 bonis

238 427 360 465 rebus
393 429 436 465 in
468 430 567 473 vita,
599 427 699 465 nihil
731 428 784 466 de
816 427 948 474 malis,
981 427 1081 465 nihil
1113 427 1166 466 de
1199 429 1324 466 animi
1355 439 1447 479 per-

240 490 503 536 motionibus,
542 489 642 528 nihil
681 490 733 529 de
773 489 984 529 hominum
1022 490 1217 536 moribus,
1255 488 1356 527 nihil
1394 489 1447 528 de

240 555 400 591 ratione
426 555 535 591 vitae
561 553 764 599 didicisse,
788 552 888 591 nihil
913 555 1078 591 omnino
1103 554 1325 604 quaesisse,
1349 551 1448 590 nihil

242 617 343 652 scire
362 617 677 661 convincerent3
712 620 769 661 et,
792 629 886 653 cum
912 617 1088 653 universi
1111 617 1154 653 in
1175 620 1220 653 te
1245 617 1448 666 impetum

242 676 450 724 fecissent,
462 683 552 716 tum
565 678 750 730 singulae
761 676 941 716 familiae
952 677 1070 716 litem
1082 678 1158 716 tibi
1169 677 1448 716 intenderent.

180 745 224 779 43
245 740 425 779 Instaret
457 741 696 787 Academia,
729 754 851 793 quae,
883 740 1083 792 quidquid
1114 740 1299 786 dixisses,
1330 739 1373 779 id
1403 745 1448 778 te

242 805 376 854 ipsum
406 817 560 855 negare
591 809 771 855 cogeret.
827 802 952 842 Stoici
982 816 1079 842 vero
1109 805 1238 842 nostri
1267 803 1450 855 disputa-

243 868 402 904 tionum
440 880 605 905 suarum
643 872 770 918 atque
807 869 1175 918 interrogationum
1211 866 1368 918 laqueis
1405 870 1450 904 te

243 931 449 966 irretitum
474 934 680 967 tenerent.
742 928 1008 980 Peripatetici
1031 934 1173 967 autem
1197 931 1323 967 etiam
1348 927 1451 967 haee

243 993 345 1042 ipsa,
372 1004 479 1043 quae
505 994 669 1043 propria
695 996 903 1029 oratorum
933 997 1055 1043 putas
1082 1003 1171 1029 esse
1198 990 1451 1036 adiumenta,

244 1059 371 1105 atque
416 1059 659 1092 ornamenta
703 1053 879 1099 dicendi,
924 1053 977 1092 ab
1020 1066 1064 1092 se
1108 1055 1196 1105 peti
1240 1055 1451 1091 vincerent

243 1121 464 1167 oportere3
508 1130 555 1155 ac
583 1129 665 1154 non
694 1115 824 1154 solum
852 1116 1034 1162 meliora,
1064 1115 1137 1154 sed
1166 1117 1292 1154 etiam
1320 1115 1451 1154 multo

243 1178 361 1230 plura
393 1178 661 1217 Aristotelem
692 1177 1104 1230 Theophrastumque
1137 1178 1190 1216 de
1221 1177 1283 1216 his
1314 1178 1451 1223 rebus,

245 1254 370 1292 quam
382 1254 523 1279 omnes
536 1241 698 1279 dicendi
709 1243 941 1293 magistros,
953 1242 1158 1293 scripsisse
1170 1239 1450 1279 ostenderent.

185 1310 228 1343 44
248 1303 396 1341 Missos
428 1301 534 1342 facio
566 1303 896 1349 mathematicos,
928 1305 1231 1355 grammaticos,
1263 1305 1451 1348 musicos,

246 1379 420 1418 quorum
452 1367 607 1404 artibus
639 1371 776 1404 vestra
806 1368 886 1404 ista
917 1365 1079 1404 dicendi
1110 1367 1169 1403 vis
1200 1378 1253 1403 ne
1283 1367 1452 1403 minima

246 1428 414 1481 quidem
447 1431 646 1467 societate
679 1431 943 1480 contingitur.
999 1428 1134 1476 Quam
1166 1427 1220 1466 ob
1251 1440 1340 1466 rem
1371 1430 1452 1466 ista

246 1497 379 1537 tanta,
401 1497 570 1543 tamque
592 1491 724 1530 multa
743 1491 988 1542 profitenda,
1009 1490 1167 1536 Crasse,
1188 1503 1271 1529 non
1290 1503 1449 1529 censeo.

245 1553 353 1592 Satis
383 1554 426 1592 id
455 1559 519 1592 est
548 1567 760 1606 magnum,
790 1553 901 1605 quod
929 1558 1049 1605 potes
1077 1558 1304 1604 praestare,
1333 1558 1381 1591 ut
1409 1554 1450 1591 in

244 1616 402 1655 iudiciis
434 1629 483 1654 ea
513 1630 649 1662 causa,
681 1628 982 1668 quamcumque
1013 1621 1061 1654 tu
1091 1615 1204 1661 dicis,
1234 1614 1377 1654 melior
1407 1619 1451 1654 et

245 1678 492 1731 probabilior
534 1692 622 1718 esse
665 1679 881 1724 videatur3
936 1683 985 1716 ut
1024 1680 1067 1716 in
1107 1678 1366 1716 concionibus
1407 1682 1452 1716 et

247 1744 463 1780 sententiis
487 1742 669 1780 dicendis
694 1742 747 1780 ad
774 1740 1106 1792 persuadendum
1135 1746 1209 1779 tua
1233 1740 1452 1792 plurimum

246 1804 382 1843 valeat
402 1807 557 1850 orati03
585 1805 764 1856 denique
785 1809 832 1843 ut
845 1803 1116 1855 prudentibus
1132 1803 1285 1842 diserte
1316 1802 1452 1842 stultis

626 1982 642 1998 ⁶
663 1977 731 2011 See
748 1976 940 2020 Appendix
956 1987 991 2020 p.
1009 1978 1087 2010 480.

247 2034 298 2070 82
