1560 2294
756 104 961 144 CICERO

251 209 428 248 cendum
458 222 679 260 aucupans,
707 207 854 247 horum
881 208 1004 248 libros
1034 215 1078 248 et
1106 209 1320 249 nonnullos
1349 209 1462 258 alios,

251 285 326 324 sed
345 285 630 324 delectationis
657 299 793 331 causa,
810 299 904 324 cum
931 291 995 324 est
1014 288 1159 332 otium,
1177 286 1317 339 legere
1337 286 1460 326 soleo.

190 366 234 399 60
252 359 363 407 Quid
383 360 511 412 ergo?
547 359 638 406 Est,
657 358 835 406 fatebor,
856 359 1010 411 aliquid
1028 365 1196 399 tamen:
1224 366 1286 407 ut,
1305 374 1400 400 cum
1418 363 1461 400 in

251 433 335 472 sole
366 433 588 479 ambulem,
618 436 780 472 etiamsi
811 433 932 472 aliam
962 434 1015 472 ob
1044 447 1209 472 causam
1240 434 1460 482 ambulem,

252 507 339 545 fieri
367 513 516 546 natura
544 513 700 553 tamen,
720 513 768 545 ut
797 507 979 546 coloret:
1013 510 1083 554 sie,
1102 521 1196 546 cum
1221 510 1320 547 istos
1338 508 1460 548 libros

252 581 305 619 ad
338 581 547 620 Misenum
579 581 692 633 (nam
724 581 880 620 Romae
911 583 979 619 vix
1009 581 1123 634 lieet)
1155 582 1374 621 studiosius
1404 582 1462 622 le-

251 658 396 707 gerim,
426 658 559 693 sentio
588 655 748 693 illorum
778 661 894 694 tactu
923 658 1152 694 orationem
1179 669 1316 695 meam
1346 659 1461 709 quasi

251 729 431 768 colorari.
488 728 570 768 Sed
599 743 652 768 ne
682 729 804 768 latius
834 728 912 767 hoc
941 730 1054 768 vobis
1085 735 1229 781 patere
1260 730 1462 777 videatur,

251 803 353 842 haec
385 803 590 842 duntaxat
621 806 664 841 in
694 803 860 842 Graecis
891 803 1103 856 intellego,
1135 818 1242 856 quae
1270 807 1361 856 ipsi,
1392 808 1462 857 qui

190 883 231 916 61
250 880 513 929 scripserunt,
526 877 743 916 voluerunt
755 877 876 929 vulgo
894 877 1093 930 intellegi.
1137 877 1187 916 In
1203 877 1463 931 philosophos

251 957 407 990 vestros
427 954 460 990 si
479 951 643 1003 quando
661 951 799 997 incidi,
818 951 1017 1003 deceptus
1036 952 1235 990 indicibus
1253 952 1461 999 librorum,

252 1025 363 1077 quod
383 1031 480 1064 sunt
499 1024 587 1064 fere
608 1028 792 1077 inscripti
813 1025 866 1064 de
887 1026 1009 1064 rebus
1030 1028 1138 1064 notis
1160 1032 1205 1065 et
1224 1026 1461 1074 illustribus,

252 1099 304 1138 de
332 1102 500 1146 virtute,
529 1099 581 1138 de
609 1102 781 1145 iustitia,
810 1099 862 1138 de
890 1099 1124 1146 honestate,
1153 1100 1204 1138 de
1233 1100 1460 1152 voluptate,

252 1174 423 1212 verbum
437 1186 600 1225 prorsus
616 1173 772 1211 nullum
787 1173 985 1225 intellego
1001 1187 1010 1212 :
1036 1176 1096 1212 ita
1108 1180 1204 1212 sunt
1217 1178 1400 1227 angustis
1418 1181 1462 1214 et

250 1250 418 1287 concisis
431 1247 775 1298 disputationibus
788 1247 947 1299 illigati.
991 1246 1140 1286 Poetas
1153 1251 1332 1295 omnino,
1346 1251 1462 1301 quasi

252 1321 330 1360 alia
343 1321 522 1373 quadarn
534 1321 675 1373 lingua
687 1321 859 1367 locutos,
871 1335 954 1360 non
966 1335 1089 1360 conor
1102 1324 1308 1375 attingere
1327 1337 1336 1362 ε
1367 1336 1460 1362 cum

250 1395 312 1434 his
335 1409 402 1434 me
425 1395 490 1447 (ut
511 1395 612 1447 dixi)
635 1395 811 1441 oblecto,
834 1398 903 1447 qui
925 1409 989 1434 res
1011 1401 1164 1448 gestas,
1187 1402 1260 1435 aut
1281 1400 1350 1448 qui
1372 1411 1460 1436 ora-

251 1473 383 1508 tiones
418 1472 667 1521 scripserunt
699 1482 807 1515 suas,
841 1475 915 1508 aut
948 1472 1018 1521 qui
1050 1472 1111 1508 ita
1142 1469 1379 1522 loquuntur,
1411 1478 1460 1511 ut

251 1543 469 1582 videantur
488 1543 661 1582 voluisse
682 1544 812 1589 nobis,
833 1546 901 1595 qui
923 1557 1005 1582 non
1024 1557 1163 1582 sumus
1185 1545 1459 1593 eruditissimi,

252 1631 340 1656 esse
359 1616 591 1656 familiares.
648 1616 729 1655 Sed
747 1617 841 1655 illue
859 1617 996 1656 redeo.

190 1697 233 1730 82
302 1692 390 1730 XV.
421 1691 648 1737 Videtisne,
681 1697 882 1743 quantum
914 1705 1062 1730 munus
1094 1694 1147 1730 sit
1179 1696 1349 1732 oratoris
1380 1693 1460 1733 his-

251 1766 385 1804 toria?
417 1765 540 1804 Haud
568 1768 663 1812 scio,
691 1779 743 1803 an
773 1765 940 1804 flumine
968 1768 1161 1804 orationis
1189 1772 1231 1806 et
1258 1770 1458 1808 varietate

251 1843 488 1879 maximum.
537 1840 681 1892 Neque
712 1845 855 1878 tamen
884 1853 976 1878 eam
1005 1843 1164 1891 reperio
1195 1854 1367 1893 usquam
1396 1856 1458 1881 se-

250 1917 425 1966 paratim
452 1917 694 1952 instructam
720 1913 930 1952 rhetorum
957 1917 1215 1966 praeceptis:
1257 1917 1336 1954 sita
1362 1922 1458 1955 sunt

251 1992 359 2027 enim
392 1994 488 2027 ante
521 1988 669 2027 oeulos.
726 1988 832 2026 Nam
864 1991 953 2040 quis
985 1991 1129 2035 nescit,
1161 1991 1334 2041 primam
1367 2003 1456 2030 esse

248 2060 324 2092 242
