1560 2294
723 98 928 139 CICERO

219 207 433 257 aequitate
459 209 602 242 contra
629 205 692 242 ius
717 202 854 242 dicere
872 216 883 249 3
924 208 1051 255 atque
1076 203 1206 251 illum,
1231 218 1325 244 cum
1349 204 1430 244 dis·

219 264 393 304 serendo
411 277 486 316 par
506 276 595 302 esse
615 276 698 301 non
716 268 1144 316 posset—quanquam
1161 263 1243 304 fuit
1262 264 1429 305 Crassus

217 328 261 364 in
280 337 451 363 numero
471 324 731 369 disertorum,
750 323 824 362 sed
842 337 917 375 par
937 323 1094 362 Galbae
1114 324 1225 363 nullo
1244 325 1431 372 modo-,

220 385 273 424 ad
293 390 480 423 auctores
500 382 746 436 confugisse,
762 388 807 422 et
825 383 881 429 id,
902 383 1013 436 quod
1031 386 1119 436 ipse
1139 384 1309 432 diceret,
1325 391 1370 425 et
1386 387 1430 424 in

220 445 265 484 P.
287 444 430 490 Mucii,
448 443 585 483 fratris
604 446 680 489 sui,
697 443 824 489 libris,
843 449 887 482 et
903 446 947 482 in
965 443 1079 483 Sext.
1099 443 1207 483 Aelii
1224 458 1430 485 commen-

219 507 332 544 tariis
377 506 574 556 scriptum
617 503 849 555 protulisse,
894 517 941 543 ac
984 509 1127 543 tamen
1169 509 1430 553 concessisse,

221 565 379 604 Galbae
393 564 716 616 disputationem
731 564 808 602 sibi
822 564 1078 615 probabilem
1093 570 1138 604 et
1150 578 1279 617 prope
1291 579 1430 605 veram

221 625 362 664 videri.

137 693 200 726 241
274 684 404 723 LVII.
433 684 651 730 Attamen,
669 696 777 736 quae
796 697 944 723 causae
963 689 1060 723 sunt
1079 685 1293 732 eiusmodi,
1311 691 1361 725 ut
1377 685 1431 726 de

222 759 365 784 earum
385 746 474 783 iure
496 743 668 783 dubium
690 756 780 783 esse
802 757 886 783 non
906 747 1050 796 possit,
1073 747 1240 784 omnino
1262 748 1306 784 in
1327 746 1431 786 iudi-

221 809 330 844 cium
356 807 491 844 vocari
518 817 601 842 non
627 803 774 843 solent.
830 803 941 843 Num
968 807 1058 856 quis
1087 818 1136 844 eo
1163 811 1433 854 testamento,

221 865 333 918 quod
360 863 656 917 paterfamilias
685 870 784 903 ante
812 862 927 910 fecit,
956 878 1081 916 quam
1110 868 1149 904 ei
1178 865 1282 904 filius
1310 872 1433 906 natus

222 931 347 972 esset,
361 924 640 963 hereditatem
659 926 769 976 petit
785 924 801 963 ?
855 923 989 963 Nemo
1007 937 1018 970 ;
1052 927 1149 977 quia
1167 931 1344 972 constat,
1363 940 1435 980 ag-

222 985 428 1024 nascendo
453 987 588 1036 rumpi
611 989 924 1023 testamentum.
979 985 1090 1038 Ergo
1114 987 1157 1023 in
1179 984 1256 1024 hoc
1279 999 1434 1039 genere

222 1048 318 1084 iuris
339 1045 489 1083 iudicia
508 1044 621 1083 nulla
641 1050 750 1083 sunt.
808 1043 927 1084 Licet
946 1047 1074 1098 igitur
1093 1047 1262 1097 impune
1282 1049 1434 1086 oratori

222 1118 388 1145 omnem
425 1104 530 1143 hanc
567 1110 731 1156 partem
763 1106 860 1143 iuris
898 1107 1191 1144 incontroversi
1231 1108 1435 1159 ignorare,

136 1179 204 1213 242
223 1179 329 1218 quae
349 1178 443 1217 pars
458 1167 545 1203 sine
565 1164 690 1203 dubio
709 1163 841 1203 multo
855 1167 1035 1203 maxima
1051 1171 1115 1204 est
1134 1179 1143 1204 ι
1171 1167 1214 1204 in
1229 1179 1278 1205 eo
1293 1173 1435 1207 autem

223 1229 325 1272 iure,
345 1224 456 1277 quod
476 1225 700 1276 ambigitur
718 1226 828 1263 inter
852 1227 1134 1276 peritissimos,
1160 1238 1243 1264 non
1269 1232 1334 1266 est
1358 1226 1436 1266 dif-

225 1285 328 1324 ficile
367 1287 533 1330 oratori,
572 1287 658 1323 eius
702 1286 845 1336 partis,
879 1298 1182 1337 quamcumque
1221 1285 1435 1334 defendat,

224 1351 436 1384 auctorem
462 1344 643 1396 aliquem
667 1346 881 1390 invenire3
922 1358 947 1383 a
975 1358 1056 1397 quo
1082 1358 1176 1384 cum
1202 1352 1436 1386 amentatas

223 1405 363 1444 hastas
385 1407 604 1456 acceperit,
625 1406 713 1455 ipse
736 1417 805 1443 eas
826 1407 997 1443 oratoris
1018 1405 1181 1444 lacertis
1202 1406 1436 1460 viribusque

224 1465 448 1517 torquebit.
505 1464 592 1502 Nisi
619 1464 875 1503 vero—bona
894 1467 1014 1503 venia
1039 1463 1159 1504 huius
1187 1468 1332 1518 optimi
1362 1469 1436 1506 viri

224 1525 413 1571 dixerim,
432 1523 751 1563 Scaevolae—tu
777 1523 923 1563 libellis
951 1529 1024 1563 aut
1049 1528 1282 1577 praeceptis
1308 1529 1437 1566 soceri

223 1588 300 1631 tui,
327 1597 494 1623 causam
523 1582 598 1622 Μ’.
627 1583 738 1622 Curii
765 1582 1001 1623 defendisti.
1057 1584 1204 1624 Nonne
1232 1588 1437 1638 arripuisti

223 1646 497 1697 patrocinium
538 1646 760 1696 aequitatis
802 1649 848 1683 et
887 1642 1171 1683 defensionem
1211 1651 1438 1686 testamen-

223 1711 375 1751 torum,
394 1717 442 1743 ac
461 1703 685 1742 voluntatis
704 1709 960 1743 mortuorum
977 1705 993 1742 ?

138 1778 205 1812 243
276 1765 338 1802 Ac
350 1777 444 1802 mea
458 1763 626 1815 quidem
638 1762 1092 1815 sententia—frequens
1106 1767 1216 1803 enim
1229 1770 1273 1804 te
1287 1765 1438 1813 audivi,

225 1830 351 1876 atque
362 1823 657 1862 adfui—multo
667 1826 864 1862 maiorem
872 1829 1035 1875 partem
1043 1827 1344 1864 sententiarum
1352 1825 1438 1865 sale

241 1965 287 2046 h‘
308 1961 423 1994 These
449 1970 540 1994 were
560 1959 714 2003 javelins
740 1960 825 1994 with
857 1971 880 1994 a
909 1960 1182 2004 elinging-strap
1208 1965 1244 1995 to
1269 1960 1353 2005 help
1378 1962 1438 1998 the

225 2015 241 2046 t
268 2023 387 2047 rower.

229 2073 303 2109 174
