1560 2294
770 109 974 150 CICERO

265 212 377 252 domi
415 227 497 253 non
536 227 640 260 esse,
679 213 827 252 Nasica
865 216 994 252 sensit
1031 212 1143 252 illam
1175 214 1330 253 domini
1365 217 1477 254 iussu

266 290 417 329 dixisse
442 296 486 329 et
508 290 622 328 illum
646 292 757 329 intus
781 304 870 329 esse
890 303 900 336 ;
931 292 1071 342 paucis
1093 296 1188 341 post
1214 290 1359 330 diebus
1384 305 1478 330 cum

266 366 319 405 ad
333 367 524 405 Nasicam
537 369 718 406 venisset
731 367 888 405 Ennius
903 372 947 405 et
962 380 1057 405 eum
1071 380 1095 405 a
1107 370 1230 406 ianua
1243 373 1478 419 quaereret,

266 443 472 482 exclamat
506 443 654 482 Nasica
682 456 726 482 se
758 444 868 483 domi
897 457 980 481 non
1009 456 1129 490 esse;
1171 449 1262 483 tum
1291 443 1477 483 Ennius:

266 519 275 534 ⁶
292 519 432 568 Quid?
477 533 555 572 ego
582 534 665 559 non
689 533 888 572 cognosco
913 520 1085 566 vocem‚'
1107 522 1256 572 inquit,
1281 520 1290 534 ‘
1305 519 1476 559 tuam?'

266 596 344 634 Hic
379 596 527 635 Nasica
547 611 556 636 2
604 595 612 610 ‘
634 597 769 635 Homo
805 609 848 635 es
881 596 1113 648 impudens.
1179 596 1270 648 Ego
1302 610 1396 636 cum
1433 603 1477 636 te

265 685 522 724 quaererem,
546 672 717 712 ancillae
745 677 845 711 tuae
874 673 1029 711 credidi
1050 678 1095 711 te
1118 672 1229 711 domi
1255 686 1337 712 non
1360 685 1477 721 esse;

264 754 312 787 tu
329 748 431 787 mihi
449 763 532 788 non
551 749 682 788 credis
700 751 778 800 ipsi
796 749 812 787 ?
831 748 840 762 ’

179 831 245 865 277
316 825 393 864 Est
415 826 571 865 bellum
590 825 692 864 illud
711 838 876 877 quoque
897 839 950 865 ex
970 839 1052 878 quo
1071 827 1104 864 is
1125 827 1194 877 qui
1215 825 1321 865 dixit
1338 826 1479 866 irride-

265 908 334 941 tur
352 905 394 940 in
415 915 464 941 eo
483 905 572 955 ipso
586 915 741 955 genere
761 915 843 953 quo
863 902 968 942 dixit
987 916 996 942 ε
1025 908 1087 949 ut,
1107 916 1200 941 cum
1220 901 1271 951 Q.
1293 902 1479 955 Opimius

265 979 501 1026 consularis,
526 982 596 1032 qui
622 978 952 1018 adolescentulus
976 979 1084 1018 male
1110 979 1307 1026 audisset,
1330 978 1480 1019 festivo

264 1054 419 1094 homini
442 1056 591 1108 Egilio,
611 1058 681 1108 qui
700 1055 911 1094 videretur
932 1055 1091 1094 mollior
1113 1069 1190 1094 nec
1214 1062 1338 1102 esset,
1358 1056 1480 1096 dixis-

265 1138 344 1178 set,
361 1131 369 1145 ⁸
390 1131 502 1181 Quid
521 1138 583 1179 tu,
602 1131 738 1184 Egilia
754 1145 849 1170 mea
867 1132 883 1170 ?
915 1132 1080 1184 quando
1098 1132 1151 1170 ad
1169 1145 1237 1170 me
1254 1135 1367 1171 venis
1387 1146 1480 1172 cum

265 1214 339 1248 tua
361 1208 452 1247 colu
477 1213 521 1247 et
546 1208 642 1246 lana
660 1208 675 1246 ?
695 1207 768 1237 ’—‘
789 1208 881 1246 Non
903 1207 1000 1259 pol,'
1023 1210 1172 1260 inquit,
1193 1207 1203 1222 ‘
1218 1208 1366 1256 audeo,
1384 1222 1480 1248 nam

264 1299 331 1324 me
352 1285 405 1324 ad
423 1284 601 1323 famosas
620 1287 755 1323 vetuit
773 1290 908 1323 mater
927 1283 1152 1323 accedere!

179 1364 247 1397 278
318 1361 468 1400 LXIX.
498 1360 612 1399 Salsa
630 1366 727 1400 sunt
751 1363 879 1400 etiam
904 1374 1011 1413 quae
1030 1360 1189 1400 habent
1207 1363 1479 1413 suspicionem

263 1438 422 1477 ridiculi
448 1438 746 1484 absconditam,
772 1451 854 1490 quo
878 1440 922 1476 in
946 1451 1101 1490 genere
1128 1443 1192 1477 est
1217 1437 1340 1477 Siculi
1365 1437 1479 1485 illud,

263 1517 329 1554 cui
357 1529 451 1554 cum
475 1514 686 1553 familiaris
715 1514 884 1566 quidam
910 1519 1155 1566 quereretur
1183 1514 1295 1566 quod
1323 1514 1480 1554 diceret

264 1605 436 1630 uxorem
466 1605 582 1630 suam
612 1591 873 1643 suspendisse
903 1604 947 1630 se
981 1590 1034 1630 de
1078 1590 1171 1637 ficu,
1201 1590 1210 1605 ‘
1229 1592 1378 1630 amabo
1406 1590 1480 1638 te,'

264 1671 414 1721 inquit,
434 1668 442 1682 ‘
460 1668 514 1707 da
531 1667 631 1706 mihi
650 1680 703 1707 ex
728 1670 809 1706 ista
835 1668 979 1706 arbore
998 1681 1100 1719 quos
1119 1681 1253 1706 seram
1271 1666 1478 1707 surculos!

266 1745 316 1784 In
350 1745 497 1784 eodem
530 1757 684 1797 genere
718 1750 783 1783 est
819 1743 931 1796 quod
968 1743 1139 1782 Catulus
1178 1743 1285 1783 dixit
1317 1743 1479 1783 cuidam

264 1825 416 1861 oratori
437 1820 545 1859 malo
565 1834 574 1859 :
610 1823 680 1872 qui
706 1834 800 1860 cum
828 1822 871 1858 in
900 1819 1062 1872 epilogo
1089 1819 1408 1859 misericordiam
1433 1833 1478 1859 se

264 1901 439 1937 movisse
480 1902 664 1949 putaret,
700 1902 921 1948 postquam
963 1896 1131 1942 assedit,
1169 1899 1330 1949 rogavit
1370 1895 1478 1935 hunc

264 1974 528 2014 videreturne
544 1973 863 2012 misericordiam
878 1974 1075 2020 movisse;
1101 1971 1110 1986 ‘
1121 1985 1169 2011 ac
1183 1985 1378 2025 magnam
1390 1974 1478 2025 qui-

262 2082 337 2118 408
