1560 2294
769 132 974 172 CICERO

269 236 356 276 Nec
384 240 494 276 enim
522 239 734 275 contentio
764 240 893 276 maior
921 251 1103 289 unquam
1133 237 1228 286 fuit,
1256 253 1333 280 nec
1363 241 1474 293 apud

268 302 464 355 populum
484 305 644 355 gravior
664 304 808 348 oratio,
829 315 954 354 quam
973 301 1092 342 huius
1113 309 1256 343 contra
1274 305 1474 359 collegam

266 371 309 407 in
358 381 529 407 censura
579 380 724 419 nuper,
775 380 911 419 neque
961 367 1100 419 lepore
1152 375 1197 408 et
1245 369 1474 412 festivitate

265 434 477 473 conditior.

318 499 457 548 Quare
474 499 564 544 tibi,
581 498 752 544 Antoni,
768 503 990 550 utrumque
1008 502 1221 547 assentior,
1238 506 1283 540 et
1297 501 1475 542 multum

266 565 437 604 facetias
458 566 502 602 in
523 563 695 602 dicendo
717 563 911 615 prodesse
933 577 1072 615 saepe,
1095 570 1140 603 et
1161 578 1230 604 eas
1252 572 1342 606 arte
1363 568 1475 608 nullo

268 630 390 670 modo
409 642 528 681 posse
548 629 669 667 tradi.
719 628 827 667 Illud
841 629 1009 681 quidem
1029 629 1219 677 admiror,
1238 636 1283 671 te
1298 634 1413 673 nobis
1432 637 1474 673 in

271 710 320 736 eo
338 708 491 749 genere
510 695 700 733 tribuisse
719 699 899 741 tantum,
918 700 963 734 et
980 709 1063 733 non
1080 695 1200 735 huius
1224 700 1285 737 rei
1310 712 1474 752 quoque

269 762 462 815 palmam,
482 766 530 800 ut
548 766 793 806 ceterarum,
812 760 957 799 Crasso
976 761 1185 801 detulisse.

185 842 250 875 228
318 828 424 866 Tum
447 828 651 866 Antonius
667 839 676 864 :
705 826 796 878 Ego
816 839 912 865 vero
931 828 991 865 ita
1009 825 1212 875 fecissem,
1231 831 1379 882 inquit,
1399 834 1475 871 nisi

269 893 477 932 interdum
494 894 536 930 in
553 891 632 930 hoc
649 891 794 930 Crasso
812 891 981 943 paulum
998 892 1248 933 inviderem:
1274 909 1370 935 nam
1385 910 1474 937 esse

270 961 453 1012 quamvis
476 956 660 996 facetum
683 962 810 1009 atque
829 956 995 1003 salsum,
1014 971 1097 996 non
1115 961 1234 999 nimis
1255 966 1319 1000 est
1337 975 1412 1014 per
1430 977 1474 1002 se

267 1028 401 1077 ipsum
437 1023 704 1062 invidendum
722 1035 732 1069 3
770 1023 857 1068 sed,
893 1036 987 1061 cum
1023 1027 1206 1064 omnium
1241 1028 1295 1065 sit
1330 1041 1475 1068 venus-

266 1093 445 1130 tissimus
481 1095 525 1128 et
559 1089 864 1135 urbanissimus,
899 1091 1081 1128 omnium
1114 1094 1398 1143 gravissimum
1431 1100 1476 1134 et

267 1158 567 1195 severissimum
587 1159 631 1192 et
650 1167 754 1200 esse,
770 1159 815 1193 et
829 1154 971 1200 videri,
987 1155 1098 1206 quod
1115 1158 1183 1195 isti
1202 1161 1377 1211 contigit
1391 1162 1476 1207 uni,

267 1222 310 1261 id
327 1221 424 1260 mihi
445 1223 511 1259 vix
529 1218 747 1258 ferendum
765 1219 994 1258 videbatur.

186 1301 251 1334 229
322 1287 400 1325 Hic
427 1299 521 1324 cum
551 1287 750 1323 arrisisset
778 1287 866 1336 ipse
895 1284 1077 1332 Crassus,
1099 1287 1316 1335 Attamen,
1340 1291 1476 1342 inquit

273 1354 490 1398 Antonius,
521 1364 614 1391 cum
648 1355 781 1389 artem
815 1363 905 1389 esse
937 1349 1195 1398 facetiarum,
1230 1353 1322 1400 Iuli,
1350 1355 1475 1395 ullam

270 1431 457 1471 negares,
500 1418 696 1469 aperuisti
738 1415 949 1468 quiddam,
991 1416 1102 1468 quod
1142 1420 1475 1471 praecipiendum

270 1485 489 1523 videretur.
541 1481 698 1520 Haberi
733 1483 842 1519 enim
877 1481 1016 1520 dixisti
1049 1484 1251 1522 rationem
1285 1491 1476 1536 oportere

269 1549 495 1594 hominum,
519 1550 593 1593 rei,
618 1549 830 1598 temporis,
855 1560 907 1585 ne
933 1547 1033 1598 quid
1056 1549 1167 1586 iocus
1192 1548 1245 1587 de
1269 1553 1475 1602 gravitate

269 1615 512 1666 decerperet
530 1625 540 1659 3
577 1612 688 1664 quod
711 1612 878 1664 quidem
900 1614 942 1650 in
964 1614 1103 1664 primis
1127 1626 1152 1651 a
1173 1613 1318 1654 Crasso
1340 1616 1476 1655 obser-

269 1682 354 1719 vari
373 1678 490 1717 solet.
539 1676 621 1716 Sed
638 1676 716 1716 hoc
730 1682 999 1729 praeceptum
1013 1680 1476 1729 praetermittendarum

270 1750 334 1784 est
361 1743 618 1789 facetiarum,
647 1755 741 1781 cum
770 1744 827 1781 eis
856 1742 955 1780 nihil
983 1756 1085 1794 opus
1113 1745 1195 1790 sit;
1234 1758 1306 1784 nos
1335 1751 1475 1786 autem

270 1809 475 1862 quomodo
508 1814 687 1853 utamur,
717 1821 811 1846 cum
844 1821 946 1859 opus
979 1811 1045 1853 sit,
1079 1811 1327 1860 quaerimus,
1354 1816 1402 1850 ut
1433 1813 1476 1850 in

270 1875 560 1919 adversarium,
599 1879 644 1911 et
680 1875 874 1918 maxime,
912 1875 945 1910 si
984 1875 1069 1911 eius
1108 1873 1285 1912 stultitia
1321 1878 1476 1926 poterit

269 1942 432 1991 agitari,
451 1941 493 1976 in
516 1943 669 1977 testem
688 1937 875 1982 stultum,
899 1937 1107 1988 cupidum,
1130 1938 1277 1984 levem,
1300 1941 1334 1977 si
1355 1938 1475 1979 facile

501 2046 516 2062 ⁰
541 2042 596 2075 ia.
615 2041 761 2075 Gnaeus
778 2040 956 2074 Domitius
974 2014 1246 2076 Agenobarbus.

269 2099 346 2134 366
