1560 2294
759 112 963 153 CICERO

258 218 336 260 est,
361 228 442 253 non
483 229 571 255 esse
607 217 862 256 mendacem.
914 218 1058 269 Atqui,
1083 231 1136 256 ne
1171 222 1330 257 nostros
1369 230 1463 256 con-

257 288 431 330 temnas,
464 287 597 337 inquit
630 286 849 332 Antonius,
883 286 1029 325 Graeci
1062 299 1226 339 quoque
1258 288 1315 325 sic
1346 288 1462 326 initio

194 362 238 395 52
256 355 551 404 scriptitarunt,
568 360 616 393 ut
632 361 772 394 noster
789 355 907 402 Cato,
919 361 967 394 ut
984 355 1134 402 Pictor,
1150 361 1199 394 ut
1215 355 1320 394 Piso.
1360 355 1461 395 Erat

257 425 365 460 enim
381 422 549 462 historia
563 424 662 462 nihil
678 424 789 463 aliud
803 427 879 463 nisi
895 425 1102 463 annalium
1117 423 1333 470 confectio,
1348 427 1461 463 cuius

255 494 328 538 rei,
369 496 674 545 memoriaeque
717 493 904 545 publicae
946 493 1188 532 retinendae
1231 506 1366 539 causa,
1408 493 1461 532 ab

255 563 371 600 initio
389 576 525 600 rerum
545 563 821 601 Romanarum
839 576 969 615 usque
989 563 1042 601 ad
1060 562 1105 601 P.
1124 562 1309 601 Mucium
1327 564 1461 614 ponti-

255 631 373 670 ficem
413 635 654 678 maximum,
681 646 745 671 res
787 645 929 671 omnes
971 631 1221 684 singulorum
1263 645 1460 670 annorum

253 701 479 740 mandabat
497 702 645 740 litteris
665 700 852 753 pontifex
872 704 1089 747 maximus,
1108 700 1398 752 referebatque
1417 703 1460 739 in

254 770 406 817 album,
443 777 487 810 et
521 772 778 823 proponebat
813 770 998 809 tabulam
1033 770 1158 816 domi,
1192 775 1377 821 potestas
1412 775 1460 808 ut

254 846 364 879 esset
382 840 533 892 populo
554 840 838 893 cognoscendi,
858 839 983 891 hique
1005 842 1131 878 etiam
1150 852 1258 877 nunc
1278 837 1459 877 Annales

190 908 234 941 53
254 909 427 948 Maximi
458 912 732 948 nominantur.
778 909 898 948 Hanc
927 907 1234 947 similitudinem
1257 906 1458 946 scribendi

252 979 370 1017 multi
400 982 530 1018 secuti
560 984 670 1024 sunt,
700 981 770 1031 qui
800 981 886 1017 sine
917 978 1006 1016 ullis
1037 978 1286 1016 ornamentis
1315 989 1458 1015 monu-

251 1054 394 1087 menta
432 1048 562 1087 solum
600 1054 848 1100 temporum,
886 1047 1111 1092 hominum,
1149 1046 1328 1084 locorum
1366 1058 1457 1097 ges-

251 1123 468 1170 tarumque
503 1131 639 1156 rerum
674 1117 940 1169 reliquerunt.
1007 1116 1155 1167 Itaque
1186 1114 1316 1166 qualis
1347 1114 1455 1166 apud

251 1187 427 1226 Graecos
444 1186 716 1239 PherecydeS‚
732 1186 982 1231 Hellanicus,
998 1184 1182 1223 Acusilas
1196 1182 1290 1229 fuit,
1306 1182 1455 1235 aliique

248 1256 456 1308 permulti,
485 1256 578 1295 talis
607 1261 747 1294 noster
775 1255 894 1300 Cato,
924 1260 968 1293 et
997 1253 1146 1299 Pictor,
1176 1258 1221 1291 et
1249 1251 1356 1298 Piso,
1385 1255 1455 1304 qui

249 1339 384 1378 neque
418 1331 580 1371 tenent,
610 1326 757 1378 quibus
790 1325 913 1362 rebus
947 1328 1116 1361 ornetur
1149 1321 1454 1360 oratio—modo

250 1398 359 1434 enim
378 1395 458 1434 huc
477 1398 557 1434 ista
572 1400 668 1433 sunt
687 1397 1036 1446 importata,——et,
1057 1392 1155 1430 dum
1174 1390 1453 1443 intellegatur,

249 1465 348 1517 quid
391 1465 544 1510 dicant,
588 1477 713 1502 unam
757 1462 919 1502 dicendi
962 1461 1127 1500 laudem
1170 1465 1321 1511 putant
1365 1472 1453 1498 esse

187 1546 231 1578 54
248 1535 507 1573 brevitatem.
563 1532 736 1571 Paulum
762 1545 806 1571 se
833 1534 980 1577 erexit,
1007 1536 1051 1569 et
1077 1529 1236 1568 addidit
1260 1528 1453 1567 historiae

247 1606 444 1642 maiorem
469 1616 614 1641 sonum
638 1604 746 1641 vocis
771 1603 831 1640 vir
855 1603 1048 1652 optimus,
1074 1598 1206 1637 Crassi
1231 1597 1452 1643 familiaris,

247 1673 497 1724 Antipater:
561 1674 688 1710 ceteri
737 1684 819 1709 non
869 1675 1132 1708 exornatores
1181 1681 1331 1714 rerum,
1380 1665 1453 1706 sed

246 1742 534 1781 tantummodo
553 1746 783 1779 narratores
802 1739 982 1778 fuerunt.

298 1811 418 1850 XIII.
448 1811 538 1856 Est,
558 1812 692 1861 inquit
720 1808 904 1854 Catulus,
925 1813 972 1846 ut
991 1807 1102 1845 dicis.
1150 1805 1232 1845 Sed
1257 1807 1336 1845 iste
1365 1807 1452 1856 ipse

247 1880 407 1919 Coelius
431 1892 566 1931 neque
591 1879 779 1917 distinxit
801 1877 1012 1915 historiam
1035 1878 1236 1914 varietate
1259 1874 1453 1918 locorum,

246 1962 382 2002 neque
405 1949 621 1987 verborum
643 1946 908 1986 collocatione
932 1950 976 1984 et
998 1949 1134 1983 tractu
1156 1945 1349 1983 orationis
1371 1942 1451 1981 leni

246 2069 323 2104 236
