1560 2294
737 93 941 134 CICERO

236 204 279 238 et
297 198 371 238 hos
391 211 606 251 germanos
626 197 745 236 huius
766 200 864 237 artis
878 200 1095 250 magistros
1108 197 1186 237 hoc
1198 198 1299 238 mihi
1312 201 1442 239 visum

235 272 299 305 est
316 269 530 313 interesse,
546 265 657 318 quod
673 265 742 304 ille
761 266 908 304 eadem
927 269 1013 304 acie
1031 269 1196 313 mentis,
1211 280 1294 319 qua
1305 280 1442 307 rerum

234 336 416 373 omnium
461 336 544 373 vim
589 338 864 385 naturamque
912 333 1084 380 viderat,
1130 333 1233 373 haec
1278 348 1442 387 quoque

235 405 410 454 aspexit,
434 415 540 454 quae
571 401 624 440 ad
654 401 816 440 dicendi
839 407 986 447 artem,
1010 415 1134 453 quam
1155 402 1223 441 ille
1246 402 1443 455 despicie-

235 470 322 516 bat,
337 471 604 522 pertinebant
622 482 632 515 ;
662 469 719 507 illi
734 474 889 515 autem,
905 472 975 522 qui
990 469 1067 508 hoc
1082 469 1212 509 solum
1226 470 1442 510 colendum

235 538 457 584 ducebant,
483 537 724 576 habitarunt
747 540 792 575 in
817 537 893 576 hac
919 551 1001 576 una
1033 541 1193 577 ratione
1225 539 1442 578 tractanda

235 620 318 645 non
343 607 490 645 eadem
515 605 750 657 prudentia,
776 619 859 657 qua
883 605 966 652 ille,
992 606 1066 644 sed
1091 619 1167 645 usu
1191 609 1234 645 in
1258 606 1336 646 hoe
1360 621 1442 647 uno

155 683 215 715 161
235 688 388 727 genere
408 674 627 726 studioque
654 676 820 712 maiore.
876 673 1079 713 Carneadi
1104 687 1200 714 vero
1228 677 1287 714 vis
1314 678 1442 716 incre—

236 743 368 782 dibilis
387 742 456 781 illa
476 742 639 781 dicendi
658 747 702 780 et
721 744 897 780 varietas
917 755 1117 794 perquam
1138 748 1248 782 esset
1261 745 1443 796 optanda

236 812 366 857 nobis,
386 813 456 863 qui
469 810 623 849 nullam
637 823 834 861 umquam
847 812 890 848 in
902 809 979 848 illis
999 813 1080 848 suis
1100 810 1443 863 disputationibus

235 893 323 918 rem
340 878 541 924 defendit,
557 891 682 930 quam
697 891 780 916 non
794 878 991 929 probarit,
1007 878 1161 918 nullam
1176 884 1443 933 oppugnavit,

236 962 360 1000 quam
388 961 471 986 non
500 949 709 985 everterit.
764 945 846 985 Sed
873 945 950 985 hoc
978 948 1109 986 maius
1138 953 1203 986 est
1233 949 1443 1001 quiddam,

235 1029 360 1068 quam
375 1016 427 1054 ab
444 1018 516 1061 eis,
528 1017 599 1067 qui
613 1014 717 1053 haec
731 1014 903 1053 tradunt
918 1019 963 1053 et
978 1014 1143 1062 docent,
1153 1016 1444 1067 postulandum

235 1086 300 1122 sit.

154 1159 215 1191 162
285 1151 480 1190 XXXIX.
509 1151 600 1203 Ego
627 1156 782 1196 autem,
808 1152 841 1188 si
867 1164 992 1202 quem
1017 1164 1126 1190 nunc
1149 1152 1295 1192 rudem
1319 1154 1442 1205 plane

235 1222 394 1258 institui
411 1219 464 1258 ad
479 1219 698 1258 dicendum
714 1218 849 1264 velim,
865 1218 926 1257 his
942 1221 1078 1270 potius
1094 1219 1256 1260 tradam
1271 1222 1440 1262 assiduis

235 1301 317 1326 uno
352 1300 476 1339 opere
513 1287 688 1325 eandem
715 1286 907 1325 incudem
935 1287 1046 1325 diem
1073 1293 1320 1341 noctemque
1347 1296 1440 1329 tun-

236 1356 444 1401 dentibus,
480 1357 548 1407 qui
587 1367 728 1393 omnes
764 1356 1023 1393 tenuissimas
1059 1356 1278 1406 particulas
1315 1364 1440 1411 atque

237 1426 374 1463 omnia
391 1426 559 1462 minima
578 1436 720 1461 mansa
739 1427 787 1460 ut
805 1424 984 1460 nutrices
1002 1421 1227 1462 infantibus
1245 1428 1382 1476 pueris
1399 1429 1442 1465 in

237 1505 282 1531 os
298 1494 494 1531 inserant.
541 1489 613 1529 Sin
630 1493 683 1528 sit
697 1492 745 1535 is,
761 1492 830 1542 qui
849 1495 893 1528 et
908 1489 1093 1529 doctrina
1107 1490 1206 1530 mihi
1220 1491 1444 1533 liberaliter

234 1562 450 1598 institutus
480 1563 524 1597 et
553 1558 688 1610 aliquo
720 1560 803 1596 iam
831 1558 1013 1596 imbutus
1043 1571 1118 1596 usu
1148 1565 1192 1598 et
1227 1563 1326 1599 satis
1362 1564 1443 1600 acri

235 1630 400 1680 ingenio
435 1640 524 1665 esse
559 1626 760 1671 videatur,
794 1625 887 1663 illuc
922 1639 1017 1664 eum
1050 1629 1220 1678 rapiam,
1254 1628 1325 1667 ubi
1362 1642 1443 1668 non

235 1695 392 1734 seclusa
416 1694 552 1746 aliqua
581 1693 697 1733 acula
727 1699 934 1739 teneatur,
965 1693 1039 1732 sed
1069 1694 1179 1733 unde
1210 1697 1443 1736 universum

236 1763 389 1801 flumen
422 1767 641 1812 erumpat3
682 1764 751 1813 qui
783 1760 840 1799 illi
873 1761 991 1800 sedes
1025 1767 1068 1800 et
1097 1764 1213 1814 quasi
1241 1762 1444 1803 domicilia.

237 1833 418 1869 omnium
443 1834 780 1881 argumentorum
804 1834 1098 1868 commonstret
1122 1835 1167 1868 et
1190 1843 1241 1869 ea
1263 1831 1444 1871 breviter

157 1910 218 1943 163
236 1898 414 1936 illustret
437 1898 652 1948 verbisque
679 1896 861 1935 definiat.
917 1895 1027 1944 Quid
1053 1900 1162 1937 enim
1188 1904 1265 1944 est,
1294 1900 1337 1936 in
1361 1912 1443 1951 quo

238 1965 423 2012 haereat,
444 1967 514 2018 qui
535 1964 683 2004 viderit
704 1977 840 2011 omne,
861 1964 972 2017 quod
992 1971 1178 2005 sumatur
1196 1968 1239 2005 in
1260 1968 1444 2006 oratione

239 2050 315 2084 314
