1560 2294
772 123 978 163 CICERO

269 233 510 279 aspernatus
529 240 540 274 ;
593 227 683 266 volo
723 230 831 266 enim
870 242 914 267 se
954 226 1098 266 efferat
1135 229 1178 265 in
1216 225 1478 265 adolescente

269 283 498 324 fecunditas
518 299 527 323 ε
561 299 657 323 nam
677 287 782 323 sicut
800 284 971 331 facilius,
990 287 1033 323 in
1051 284 1216 330 vitibus,
1235 287 1479 322 revocantur

269 355 332 388 ea,
346 356 452 393 quae
467 356 556 380 sese
571 345 742 380 nimium
755 341 1041 393 profuderunt,
1055 355 1194 393 quam,
1207 343 1241 379 si
1254 339 1354 378 nihil
1367 339 1478 378 valet

267 402 475 446 materies,
493 413 599 438 nova
618 405 826 438 sarmenta
846 400 1005 438 cultura
1025 401 1283 437 excitantur:
1311 400 1372 436 ita
1387 395 1478 435 volo

269 470 357 495 esse
390 460 433 495 in
467 457 742 502 adolescente,
776 457 886 495 unde
920 456 1074 508 aliquid
1107 461 1348 507 amputem3
1395 467 1478 492 non

269 517 378 553 enim
399 520 539 565 potest
560 517 603 552 in
625 527 674 553 eo
700 527 819 552 sucus
847 527 935 553 esse
964 514 1195 559 diuturnus,
1224 511 1334 564 quod
1359 513 1478 549 nimis

205 581 250 614 89
268 572 455 610 celeriter
490 578 554 610 est
586 574 872 610 maturitatem
907 576 1152 609 assecutum.
1207 569 1301 608 Vidi
1335 571 1476 607 statim

267 629 460 675 indolem,
489 642 624 680 neque
653 629 786 667 dimisi
814 634 994 679 tempus,
1023 633 1067 666 et
1096 641 1190 666 eum
1219 641 1309 665 sum
1337 625 1476 665 cohor-

267 692 394 732 tatus,
410 692 457 725 ut
473 685 606 724 forum
619 687 694 724 sibi
707 686 849 724 ludum
861 691 1030 737 putaret
1043 699 1132 724 esse
1145 685 1198 723 ad
1210 683 1449 723 discendum
1464 695 1475 729 ;

265 747 509 796 magistrum
525 749 680 789 autem,
697 756 821 795 quem
837 743 976 789 vellet,
993 743 1166 795 eligeret
1185 755 1194 787 ;
1224 755 1291 780 me
1308 741 1474 794 quidem

267 804 298 839 si
317 801 492 847 audiret,
510 800 557 839 L.
576 800 766 839 Crassum
781 813 791 846 ;
820 800 931 852 quod
946 802 1025 838 iste
1042 801 1226 851 arripuit,
1244 805 1288 838 et
1306 801 1366 837 ita
1384 811 1474 837 sese

267 858 472 897 facturum
502 858 769 903 confirmavit,
800 863 926 909 atque
958 859 1084 895 etiam
1114 856 1286 902 addidit,
1315 858 1475 908 gratiae

268 916 421 955 scilicet
449 930 584 962 causa,
613 929 680 954 me
709 929 873 967 quoque
902 915 978 953 sibi
1005 917 1248 966 magistrum
1275 912 1473 952 futurum.

267 974 346 1012 Vix
364 987 494 1012 annus
510 976 800 1012 intercesserat
817 973 869 1011 ab
886 972 963 1010 hoc
980 985 1167 1010 sermone
1185 971 1475 1010 cohortationis

267 1045 400 1077 meae,
424 1045 517 1069 cum
539 1033 618 1069 iste
645 1033 850 1068 accusavit
875 1029 920 1068 C.
946 1029 1198 1075 Norbanum,
1222 1027 1475 1068 defendente

266 1103 347 1128 me.
406 1089 498 1127 Non
518 1094 582 1126 est
601 1087 808 1133 credibile,
827 1087 926 1139 quid
944 1090 1143 1125 interesse
1158 1085 1258 1124 mihi
1277 1089 1331 1125 sit
1345 1089 1475 1125 visum

267 1149 376 1185 inter
406 1160 501 1184 eum
531 1148 601 1197 qui
631 1151 721 1184 tum
752 1151 855 1191 erat,
886 1150 930 1183 et
960 1147 1030 1196 qui
1060 1158 1166 1182 anno
1197 1149 1295 1182 ante
1324 1142 1473 1184 fuerat·

269 1204 446 1243 Omnino
466 1206 509 1241 in
527 1203 627 1241 illud
646 1215 776 1254 genus
798 1215 893 1240 eum
913 1201 1046 1240 Crassi
1065 1201 1328 1253 magnificum
1348 1207 1475 1254 atque

267 1261 521 1314 praeclarum
548 1265 697 1298 natura
723 1262 812 1311 ipsa
839 1259 1046 1298 ducebat:
1089 1258 1162 1297 sed
1190 1272 1240 1297 ea
1267 1272 1350 1297 non
1376 1261 1475 1298 satis

267 1319 463 1371 proficere
475 1320 693 1369 potuisset,
707 1319 782 1354 nisi
796 1316 942 1355 eodem
955 1315 1091 1354 studio
1105 1321 1231 1368 atque
1243 1318 1474 1356 imitatione

267 1376 526 1421 intendisset,
541 1380 667 1427 atque
681 1377 741 1412 ita
754 1374 890 1412 dicere
904 1379 1155 1420 consuesset,
1168 1379 1217 1412 ut
1229 1379 1321 1413 tota
1332 1381 1475 1414 mente

268 1434 458 1472 Crassum
478 1438 604 1484 atque
624 1434 734 1470 omni
753 1434 888 1470 animo
906 1434 1150 1470 intueretur.

205 1498 251 1531 90
319 1491 456 1529 XXII.
485 1490 596 1542 Ergo
615 1489 693 1528 hoc
711 1491 766 1527 sit
784 1491 961 1540 primum
980 1491 1022 1526 in
1041 1491 1272 1540 praeceptis
1291 1491 1408 1536 meis,
1427 1495 1475 1530 ut

269 1549 610 1593 demonstremus,
645 1559 770 1599 quem
801 1548 988 1584 imitetur
1021 1551 1147 1597 atque
1180 1548 1240 1584 ita
1273 1551 1334 1592 ut,
1367 1561 1474 1599 quae

268 1609 446 1645 maxime
479 1604 683 1644 excellant
712 1606 755 1642 in
786 1617 849 1650 eo,
881 1617 1005 1655 quem
1035 1603 1276 1650 imitabitur,
1308 1617 1358 1642 ea
1387 1604 1475 1643 dili-

268 1666 506 1716 gentissime
539 1667 822 1714 persequatur.
877 1661 983 1699 Tum
1017 1660 1187 1699 accedat
1220 1664 1474 1710 exercitatio,

269 1735 350 1773 qua
374 1721 502 1766 illum,
529 1733 652 1772 quem
679 1718 894 1770 delegerit,
918 1718 1116 1756 imitando
1143 1717 1324 1771 effingat,
1347 1725 1474 1772 atque

268 1782 327 1817 ita
343 1781 560 1829 exprimat,
575 1790 657 1815 non
677 1782 724 1814 ut
743 1775 893 1813 multos
908 1778 1135 1813 imitatores
1151 1789 1275 1827 saepe
1289 1780 1474 1830 cognovi,

269 1839 339 1888 qui
368 1841 440 1874 aut
469 1848 532 1881 ea,
562 1847 668 1886 quae
696 1832 830 1871 facilia
858 1838 967 1878 sunt,
997 1838 1070 1871 aut
1099 1835 1225 1871 etiam
1257 1833 1339 1880 illa,
1367 1848 1474 1887 quae

269 1895 443 1945 insignia
482 1905 529 1930 ac
566 1904 698 1943 paene
738 1893 895 1936 vitiosa,
933 1895 1221 1928 consectantur
1261 1892 1472 1933 imitando.

736 2025 755 2044 ⁰
776 2021 875 2061 Sees
894 2023 956 2056 197
972 2031 1009 2056 n.

270 2080 347 2116 264
