1560 2294
757 113 963 154 CICERO

250 224 295 258 et
310 217 515 271 aequabili
529 218 748 270 perpolivit
762 218 863 257 illud
877 232 979 270 opus
998 232 1008 266 ;
1038 219 1112 258 sed
1126 225 1174 259 ut
1187 219 1311 260 homo
1325 234 1461 274 neque

249 284 409 330 doctus,
445 297 581 336 neque
618 286 798 322 maxime
836 290 957 336 aptus
995 285 1049 323 ad
1085 285 1319 333 dicendum,
1356 289 1462 326 sicut

248 352 399 401 potuit,
418 349 572 388 dolavit
591 363 600 388 ι
628 352 725 388 vicit
743 355 900 396 tamen,
919 355 967 388 ut
986 350 1099 396 dicis,
1118 354 1359 403 superiores.

187 426 231 458 55
303 415 477 453 Minime
512 418 675 461 mirum,
703 417 838 467 inquit
873 415 1092 462 Antonius,
1116 419 1150 455 si
1183 418 1264 456 ista
1296 431 1362 456 res
1391 417 1462 457 ad-

248 480 328 519 huc
359 486 500 519 nostra
529 481 671 533 lingua
701 480 905 519 illustrata
936 495 1019 520 non
1051 487 1127 520 est.
1182 481 1315 522 Nemo
1351 486 1460 522 enim

249 547 391 585 studet
423 547 684 598 eloquentiae
715 552 947 585 nostrorum
977 546 1204 595 hominum,
1234 551 1310 587 nisi
1340 554 1389 588 ut
1417 551 1461 587 in

249 615 379 651 causis
407 618 533 664 atque
559 615 603 650 in
627 611 716 650 foro
744 612 934 658 eluceat;
975 612 1087 664 apud
1114 613 1292 652 Graecos
1319 620 1460 654 autem

249 678 572 730 eloquentissimi
600 677 800 724 homines,
828 680 978 717 remoti
1006 691 1031 716 a
1059 681 1189 718 causis
1217 678 1460 726 forensibus,

247 758 341 783 cum
377 743 431 782 ad
468 749 627 782 ceteras
664 757 730 782 res
762 743 954 790 illustres,
984 749 1076 783 tum
1113 744 1167 800 ad
1203 746 1460 785 scribendam

247 809 459 848 historiam
498 811 678 848 maxime
719 823 763 848 se
804 809 1126 861 applicaverunt.
1186 810 1376 863 Namque
1417 817 1462 851 et

249 875 508 914 Herodotum
527 875 657 921 illum,
678 877 748 927 qui
767 877 956 927 princeps
977 889 1107 927 genus
1127 875 1205 915 hoc
1225 879 1399 923 ornavit,
1417 880 1461 916 in

248 944 379 979 causis
400 940 500 978 nihil
521 943 686 979 omnino
707 946 916 979 versatum
939 954 1027 979 esse
1050 944 1280 994 accepimus
1300 955 1309 981 :
1346 945 1461 995 atqui

248 1012 368 1046 tanta
397 1012 461 1045 est
490 1006 740 1058 eloquentia,
769 1011 817 1045 ut
844 1020 911 1044 me
941 1006 1123 1058 quidem,
1152 1013 1354 1059 quantum
1383 1022 1461 1061 ego

249 1073 407 1111 Graece
441 1075 593 1123 scripta
625 1071 868 1124 intellegere
899 1086 1079 1123 possum,
1108 1086 1360 1126 magnopere
1390 1074 1461 1114 de-

186 1152 231 1185 56
247 1139 388 1177 lectet.
455 1138 511 1176 Et
548 1142 642 1189 post
679 1137 793 1176 illum
830 1137 1090 1190 Thucydides
1125 1152 1267 1178 omnes
1298 1139 1460 1179 dicendi

249 1203 433 1250 artificio,
462 1217 557 1241 mea
585 1206 808 1250 sententia,
828 1202 948 1241 facile
978 1206 1103 1242 vicit:
1133 1207 1204 1256 qui
1231 1207 1292 1243 ita
1317 1206 1461 1244 creber

249 1275 314 1308 est
340 1283 477 1308 rerum
504 1267 754 1321 frequentia,
782 1274 830 1307 ut
849 1269 1067 1308 verborum
1086 1283 1214 1322 prope
1242 1284 1459 1310 numerum

249 1337 550 1374 sententiarum
578 1348 750 1373 numero
779 1340 1069 1386 consequatur,
1092 1338 1153 1374 ita
1177 1349 1297 1388 porro
1326 1338 1459 1376 verbis

250 1407 313 1440 est
337 1406 457 1452 aptus
482 1406 525 1439 et
547 1413 724 1451 pressus,
747 1405 796 1438 ut
817 1403 989 1447 nescias,
1011 1406 1151 1440 utrum
1173 1414 1238 1440 res
1261 1405 1460 1449 oratione,

249 1481 302 1506 an
323 1467 448 1505 verba
467 1468 684 1504 sententiis
705 1465 974 1506 illustrentur.
1025 1466 1156 1518 Atqui
1177 1480 1229 1506 ne
1249 1466 1358 1506 hunc
1373 1471 1461 1520 qui-

249 1533 358 1578 dem,
377 1544 614 1584 quanquam
633 1537 697 1570 est
714 1533 757 1569 in
774 1531 983 1583 republica
1003 1537 1200 1579 versatus,
1219 1546 1271 1571 ex
1289 1547 1459 1573 numero

249 1600 479 1650 accepimus
515 1610 670 1643 eorum,
706 1599 776 1648 qui
810 1610 952 1635 causas
987 1597 1258 1637 dictitarunt:
1308 1604 1353 1638 et
1385 1598 1459 1638 hos

248 1667 355 1715 ipsos
384 1663 506 1702 libros
536 1668 627 1701 tum
655 1665 861 1714 scripsisse
890 1662 1053 1709 dicitur,
1081 1677 1174 1701 cum
1204 1677 1229 1702 a
1251 1664 1460 1716 republica

248 1734 444 1775 remotus,
470 1734 612 1780 atque,
636 1727 679 1766 id
704 1728 814 1780 quod
839 1731 995 1779 optimo
1021 1731 1168 1780 cuique
1193 1728 1369 1768 Athenis
1395 1743 1459 1769 ac-

186 1813 229 1845 57
248 1795 384 1833 cidere
413 1794 579 1832 solitum
609 1799 686 1839 est,
706 1796 748 1831 in
778 1793 966 1832 exsilium
994 1794 1133 1845 pulsus
1155 1800 1277 1833 esset.
1337 1795 1458 1834 Hunc

248 1866 490 1899 consecutus
548 1864 612 1897 est
668 1858 904 1911 Syracusius
961 1858 1168 1905 Philistus,
1225 1862 1310 1912 qui,
1363 1873 1457 1899 cum

250 1927 436 1978 Dionysii
465 1927 630 1977 tyranni
660 1923 994 1963 familiarissimus
1026 1930 1149 1971 esset,
1179 1928 1308 1964 otium
1338 1939 1456 1965 suum

248 1993 499 2042 consumpsit
518 1993 560 2028 in
580 1989 749 2028 historia
768 1989 997 2036 scribenda,
1017 1993 1278 2043 maximeque
1298 1990 1459 2044 Thucy-

249 2082 323 2117 238
