1560 2294
728 127 933 168 CICERO

226 225 336 275 Quid
359 227 542 276 fecerim,
567 231 741 270 narrabo
760 244 771 278 ;
810 235 843 271 si
867 233 1082 284 placuerit,
1107 247 1177 273 vos
1202 246 1339 273 meam
1363 232 1433 273 de-

224 301 452 345 fensionem
470 309 514 345 in
533 307 668 359 aliquo
689 311 787 347 artis
806 309 894 348 loco
913 312 1135 361 reponetis.

142 382 207 417 199
278 380 474 422 Omnium
489 383 738 423 seditionum
758 398 927 437 genera,
941 389 1055 433 vitia,
1073 386 1255 438 pericula
1273 386 1435 439 collegi,

225 468 400 509 eamque
416 462 645 499 orationem
665 473 717 499 ex
736 464 848 500 omni
866 464 925 500 rei
939 462 1128 513 publicae
1143 468 1309 502 nostrae
1328 468 1435 502 tem-

224 545 369 584 porum
389 538 591 574 varietate
606 540 796 588 repetivi,
810 538 1069 591 conclusique
1084 541 1158 586 ita,
1173 545 1222 579 ut
1240 539 1434 587 dicerem,

224 612 302 648 etsi
316 624 459 650 omnes
474 626 638 664 semper
651 613 852 653 molestae
867 614 1089 654 seditiones
1103 614 1293 662 fuissent,
1304 618 1434 655 iustas

222 690 365 725 tamen
390 686 516 727 fuisse
539 702 622 728 non
641 690 771 728 nullas
792 695 837 729 et
862 704 991 742 prope
1010 694 1272 731 necessarias.
1326 692 1432 731 Tum

220 761 303 808 illa,
323 777 430 815 quae
449 765 572 804 modo
593 765 761 805 Crassus
780 768 1145 815 commemorabat,
1165 771 1257 821 egi:
1295 782 1432 821 neque

220 853 339 892 reges
373 854 426 880 ex
457 841 535 881 hac
563 845 731 882 civitate
761 847 886 897 exigi,
913 858 1050 897 neque
1083 846 1268 884 tribunos
1301 845 1432 898 plebis

220 920 363 964 creari,
375 931 512 970 neque
526 919 751 971 plebiscitis
766 924 891 960 toties
907 922 1162 961 consularem
1176 927 1431 974 potestatem

218 996 362 1040 minui,
376 1008 512 1047 neque
532 1000 880 1048 provocationem,
894 1004 1112 1050 patronam
1127 999 1239 1038 illam
1254 1001 1431 1038 civitatis

219 1083 266 1109 ac
286 1071 488 1110 vindicem
512 1072 730 1120 libertatis,
749 1075 901 1126 populo
927 1075 1112 1114 Romano
1135 1076 1223 1115 dari
1248 1078 1336 1115 sine
1361 1090 1432 1115 no-

219 1147 361 1186 bilium
391 1149 642 1188 dissensione
672 1154 884 1202 potuisse;
929 1165 991 1198 ac,
1021 1155 1054 1190 si
1083 1152 1177 1191 illae
1207 1153 1431 1192 seditiones

219 1223 341 1262 saluti
374 1223 468 1264 huic
501 1228 658 1264 civitati
691 1226 880 1274 fuissent,
915 1241 997 1267 non
1031 1231 1239 1275 continuo,
1273 1232 1306 1268 si
1341 1232 1430 1282 quis

218 1305 354 1339 motus
378 1302 519 1353 populi
542 1301 676 1341 factus
697 1309 821 1350 esset,
845 1304 888 1342 id
913 1303 958 1343 C.
989 1304 1183 1344 Norbano
1206 1308 1250 1343 in
1273 1305 1431 1345 nefario

218 1379 385 1416 crimine
423 1384 550 1430 atque
586 1381 630 1417 in
665 1378 810 1419 fraude
848 1381 1014 1432 capitali
1051 1395 1140 1420 esse
1177 1382 1427 1433 ponendum.

217 1453 373 1502 Quodsi
411 1469 594 1507 unquam
621 1456 773 1508 populo
811 1456 996 1497 Romano
1029 1472 1267 1497 concessum
1304 1465 1430 1506 esset,

216 1536 264 1569 ut
285 1533 372 1569 iure
393 1535 620 1571 concitatus
641 1533 864 1580 videretur,
883 1534 927 1573 id
949 1534 1061 1587 quod
1084 1535 1284 1574 docebam
1303 1549 1428 1587 saepe

216 1620 305 1646 esse
328 1621 580 1656 concessum,
602 1610 756 1649 nullam
777 1610 846 1649 illa
867 1624 1032 1650 causam
1054 1614 1267 1651 iustiorem
1288 1611 1426 1652 fuisse.

214 1684 320 1723 Tum
351 1698 516 1724 omnem
547 1689 777 1725 orationem
808 1688 975 1726 traduxi
1006 1694 1051 1727 et
1081 1691 1265 1728 converti
1295 1692 1338 1727 in
1367 1692 1428 1728 in-

215 1761 464 1813 crepandam
487 1762 703 1814 Caepionis
724 1762 882 1816 fugam,
903 1766 947 1802 in
968 1764 1267 1816 deplorandum
1287 1768 1428 1805 interi-

215 1843 306 1876 tum
330 1841 535 1877 exercitus
555 1853 564 1878 :
601 1842 658 1878 sic
682 1845 726 1878 et
750 1853 891 1879 eorum
915 1841 1111 1887 dolorem,
1134 1844 1204 1893 qui
1227 1841 1428 1894 lugebant

215 1927 323 1960 suos,
356 1918 541 1954 oratione
575 1915 833 1963 refricabam,
862 1923 906 1956 et
940 1920 1096 1956 animos
1125 1921 1313 1970 equitum
1347 1918 1426 1957 Ro-

215 2003 444 2037 manorum,
463 1991 575 2043 apud
593 2005 694 2044 quos
713 1997 805 2031 tum
822 1993 976 2032 iudices
995 2006 1118 2032 causa
1137 1995 1353 2046 agebatur,
1372 1994 1427 2033 ad

215 2081 291 2116 342
