1560 2294
163 254 226 286 144

162 582 226 614 145

749 130 954 169 CICERO

297 235 473 274 XXXII.
504 234 729 273 Audieram
751 236 892 279 etiam,
914 247 1021 285 quae
1043 233 1095 272 de
1116 236 1310 273 orationis
1330 237 1455 286 ipsius

244 303 494 340 ornamentis
514 300 778 338 traderentur
796 312 806 337 ε
838 301 881 337 in
899 312 981 351 qua
998 301 1248 350 praecipitur
1265 302 1456 351 primum,

244 373 292 406 ut
324 380 426 418 pure
461 371 505 404 et
536 365 665 404 latine
698 364 914 416 loquamur
933 377 943 410 ;
991 364 1142 402 deinde
1175 370 1223 403 ut
1255 365 1378 416 plane
1412 371 1455 405 et

244 431 420 471 dilucide
436 444 446 477 ;
485 436 575 469 tum
595 436 643 469 ut
661 435 806 469 ornate
822 442 832 476 ;
867 435 962 481 post
981 429 1034 468 ad
1051 443 1189 468 rerum
1208 430 1455 483 dignitatem

245 503 343 549 apte
373 503 417 535 et
446 498 562 548 quasi
591 495 767 534 decore:
811 495 1146 547 singularumque
1174 509 1311 534 rerum
1339 509 1456 548 prae—

245 569 367 614 cepta
387 575 619 614 cognoram.
675 560 786 609 Quin
806 563 947 607 etiam,
968 574 1075 613 quae
1094 563 1274 600 maxime
1293 565 1456 614 propria

248 634 386 667 essent
407 633 595 673 naturae,
617 632 760 665 tamen
781 626 843 664 his
865 629 962 678 ipsis
985 632 1118 664 artem
1140 625 1325 665 adhiberi
1347 627 1456 666 vide-

246 707 335 732 ram
354 708 363 732 :
393 707 488 731 narn
503 693 555 731 de
571 695 732 731 actione
749 697 792 731 et
806 691 858 730 de
873 694 1071 730 memoria
1085 692 1290 744 quaedam
1304 693 1456 739 brevia,

247 759 321 799 sed
340 772 491 811 magna
510 772 603 797 eum
623 760 919 796 exercitatione
938 763 1162 809 praecepta
1179 763 1403 810 gustatam.

301 825 349 863 In
366 824 427 862 his
445 827 554 862 enim
570 823 657 862 fere
674 824 796 862 rebus
812 826 943 862 omnis
959 825 1130 861 istorum
1147 823 1349 862 artificum
1365 824 1458 863 doc-

247 894 355 929 trina
388 895 587 935 versatur,
619 902 744 941 quam
777 902 854 941 ego
886 891 919 926 si
955 888 1055 926 nihil
1086 888 1220 927 dicam
1251 889 1458 936 adiuvare,

247 959 435 994 mentiar.
482 955 624 993 Habet
643 957 753 993 enim
771 954 976 1006 quaedam
994 956 1110 1006 quasi
1129 954 1182 992 ad
1199 967 1458 993 commonen-

248 1022 346 1060 dum
369 1026 588 1067 oratorem,
611 1033 692 1072 quo
715 1020 897 1072 quidque
918 1018 1087 1066 referat,
1109 1025 1154 1058 et
1176 1033 1257 1072 quo
1278 1023 1457 1067 intuens,

248 1088 301 1126 ab
326 1100 389 1133 eo,
414 1086 702 1138 quodcumque
726 1085 802 1123 sibi
825 1087 1098 1136 proposuerit,
1121 1087 1255 1123 minus
1280 1086 1456 1125 aberret.

166 1173 230 1206 145
248 1152 402 1190 Verum
432 1165 509 1204 ego
544 1151 650 1190 hanc
677 1153 759 1189 vim
793 1150 990 1202 intellego
1026 1163 1115 1189 esse
1150 1153 1193 1188 in
1226 1155 1457 1203 praeceptis

167 1696 229 1729 147

250 1218 452 1263 omnibus,
492 1230 575 1255 non
614 1222 662 1255 ut
704 1229 754 1254 ea
792 1218 923 1254 secuti
963 1221 1160 1262 oratores,
1197 1216 1457 1268 eloquentiae

250 1283 416 1321 laudem
445 1285 527 1320 sint
557 1282 713 1333 adepti,
743 1281 830 1327 sed,
859 1295 966 1333 quae
996 1294 1070 1320 sua
1098 1287 1244 1332 sponte
1274 1281 1458 1321 homines

253 1349 494 1400 eloquentes
523 1346 723 1393 facerent,
753 1360 804 1385 ea
837 1346 1037 1399 quosdam
1065 1347 1301 1386 observasse
1332 1353 1458 1400 atque

252 1414 462 1466 collegisse
479 1426 488 1459 ;
523 1416 579 1452 sic
600 1426 688 1451 esse
708 1426 791 1451 non
811 1412 1090 1464 eloquentiam
1110 1425 1162 1450 ex
1183 1412 1366 1458 artifieio,
1386 1413 1459 1452 sed

253 1479 468 1518 artificium
503 1492 554 1517 ex
589 1478 826 1530 eloquentia
859 1483 1032 1516 natum:
1080 1477 1191 1529 quod
1223 1483 1379 1524 tamen,
1412 1484 1460 1518 ut

252 1551 349 1583 ante
371 1545 470 1590 dixi,
487 1558 570 1583 non
589 1546 728 1582 eiieio:
762 1549 826 1583 est
846 1545 970 1589 enim,
989 1546 1149 1582 etiamsi
1168 1545 1302 1582 minus
1319 1556 1459 1584 neces-

251 1613 401 1648 sarium
426 1610 478 1648 ad
501 1611 608 1648 bene
633 1609 866 1655 dicendum,
890 1614 1032 1647 tamen
1056 1608 1109 1647 ad
1132 1609 1457 1661 cognoscendum

251 1690 332 1714 non
357 1675 567 1714 illiberale.
623 1675 679 1713 Et
705 1677 947 1713 exercitatio
973 1674 1177 1726 quaedam
1203 1675 1459 1725 suscipienda

252 1742 363 1779 vobis
383 1747 447 1779 est
467 1755 475 1779 :
509 1754 747 1793 quanquam
765 1754 835 1779 vos
854 1740 1022 1792 quidem
1039 1739 1282 1791 iampridem
1302 1743 1399 1778 estis
1417 1743 1458 1778 in

251 1820 369 1844 cursu
388 1819 398 1852 ;
437 1806 510 1844 sed
534 1809 607 1852 eis,
628 1809 697 1858 qui
721 1806 1008 1858 ingrediuntur
1031 1808 1073 1843 in
1092 1805 1286 1851 stadium,
1306 1808 1459 1857 quique

251 1885 315 1918 ea,
338 1885 444 1923 quae
469 1871 630 1923 agenda
653 1877 749 1909 sunt
772 1874 813 1909 in
835 1870 937 1916 foro,
961 1877 1159 1922 tanquam
1181 1873 1223 1908 in
1246 1873 1347 1916 acie,
1369 1884 1460 1922 pos-

251 1942 347 1975 sunt
380 1940 507 1974 etiam
540 1951 647 1975 nunc
681 1939 976 1976 exercitatione
1010 1939 1125 1988 quasi
1157 1935 1312 1975 ludicra
1343 1949 1459 1986 prae-

252 2002 406 2040 discere
426 2015 472 2040 ac
491 2002 695 2051 meditari.

253 2095 327 2130 100
