1560 2294
757 92 960 132 CICERO

254 200 297 236 in
313 198 540 237 oratoribus
558 196 772 235 irridendis
790 199 877 248 ipse
896 209 984 234 esse
1002 200 1139 234 orator
1155 208 1337 234 summus
1353 195 1464 235 vide-

255 273 391 311 batur.
463 271 588 310 Verbi
632 273 741 309 enim
789 271 1064 308 controversia
1104 269 1259 308 iamdiu
1296 274 1465 322 torquet

257 345 478 384 Graeculos
518 344 718 390 homines,
759 345 1033 382 contentionis
1073 343 1300 394 cupidiores
1340 356 1464 395 quam

193 429 238 462 48
257 421 454 458 veritatis.
511 418 618 456 Nam
647 421 679 456 si
709 420 799 470 quis
825 416 933 455 hunc
958 419 1107 455 statuit
1131 429 1221 455 esse
1245 422 1465 463 oratorem,

257 496 328 546 qui
356 492 645 531 tantummodo
671 494 715 530 in
742 494 845 537 iure,
872 496 946 529 aut
971 493 1013 528 in
1039 490 1196 529 iudiciis
1224 493 1367 542 possit,
1393 495 1467 529 aut

258 567 369 619 apud
395 566 607 618 populum,
636 570 710 604 aut
736 568 779 603 in
806 570 955 604 senatu
983 567 1144 616 copiose
1172 564 1297 616 loqui,
1325 570 1467 603 tamen

258 640 352 679 huic
367 643 444 692 ipsi
455 639 587 678 multa
603 640 760 678 tribuat
777 644 821 677 et
836 638 1037 677 concedat
1052 651 1220 677 necesse
1237 643 1315 684 est,
1330 651 1466 690 neque

260 717 369 753 enim
417 717 503 753 sine
551 713 684 752 multa
729 715 1054 764 pertractatione
1102 714 1284 750 omnium
1330 725 1467 751 rerum

260 788 529 840 publicarum,
547 800 683 839 neque
702 789 789 825 sine
806 786 961 838 legum,
978 799 1152 832 morum,
1169 787 1266 824 iuris
1283 788 1468 832 scientia,

261 875 396 914 neque
418 867 566 900 natura
586 860 799 899 hominum
819 862 1043 912 incognita,
1064 873 1112 898 ac
1131 860 1326 906 moribus,
1344 862 1387 898 in
1406 859 1469 898 his

260 938 356 988 ipsis
373 936 496 974 rebus
516 937 615 974 satis
635 934 780 973 callide
800 936 951 973 versari
971 939 1015 972 et
1031 936 1165 985 perite
1181 938 1333 985 potest.
1389 933 1470 982 Qui

259 1015 403 1049 autem
430 1008 533 1047 haec
560 1011 811 1061 cognoverit,
839 1010 926 1046 sine
954 1007 1101 1059 quibus
1128 1020 1181 1046 ne
1207 1007 1277 1045 illa
1303 1007 1471 1059 quidem

260 1086 430 1122 minima
454 1085 497 1121 in
522 1085 653 1121 causis
679 1084 895 1134 quisquam
920 1087 1034 1120 recte
1060 1083 1169 1120 tueri
1192 1086 1347 1133 potest,
1372 1081 1471 1134 quid

261 1157 355 1195 huic
380 1157 524 1195 abesse
550 1159 705 1208 poterit
730 1156 782 1195 de
807 1158 1079 1194 maximarum
1103 1168 1241 1194 rerum
1266 1155 1470 1194 scientia?

262 1231 333 1270 Sin
365 1232 537 1269 oratoris
569 1229 669 1268 nihil
702 1232 761 1268 vis
795 1242 898 1275 esse,
931 1231 1007 1267 nisi
1041 1232 1280 1280 composite,
1312 1234 1472 1276 ornate,

262 1307 425 1356 copiose
450 1303 585 1356 eloqui
605 1317 613 1342 :
653 1316 820 1356 quaero,
843 1303 886 1341 id
908 1305 1043 1354 ipsum
1066 1305 1136 1355 qui
1159 1305 1288 1354 possit
1311 1305 1472 1355 assequi

264 1381 351 1417 sine
378 1391 428 1416 ea
453 1380 638 1423 scientia,
664 1391 789 1429 quam
815 1379 854 1415 ei
879 1390 961 1415 non
986 1376 1243 1415 conceditis?
1297 1376 1473 1415 Dicendi

265 1455 375 1490 enim
405 1454 547 1497 virtus,
576 1453 653 1489 nisi
683 1453 735 1497 ei,
765 1453 835 1503 qui
864 1450 978 1496 dicit,
1008 1463 1071 1496 ea,
1101 1450 1154 1488 de
1183 1450 1331 1502 quibus
1360 1449 1473 1496 dicit,

202 1535 246 1568 49
264 1531 463 1578 percepta
482 1527 578 1571 sint,
599 1530 763 1563 exstare
783 1537 864 1563 non
884 1529 1036 1576 potest.
1092 1523 1228 1572 Quam
1247 1524 1300 1562 ob
1319 1537 1422 1570 rem,
1440 1525 1473 1562 si

265 1605 410 1638 ornate
447 1598 606 1637 locutus
645 1604 722 1644 est,
760 1601 865 1636 sicut
900 1597 1046 1643 fertur,
1083 1603 1128 1636 et
1162 1597 1262 1636 mihi
1298 1597 1474 1643 videtur,

265 1673 455 1725 physicus
478 1672 545 1710 ille
570 1673 831 1710 Democritus
851 1685 860 1710 ε
897 1673 1091 1709 materies
1113 1671 1182 1709 illa
1203 1669 1283 1709 fuit
1304 1670 1475 1723 physici,

265 1746 318 1785 de
342 1759 425 1799 qua
450 1746 584 1792 dixit;
623 1751 790 1784 ornatus
816 1758 911 1783 vero
936 1747 1023 1796 ipse
1049 1745 1280 1791 verborum,
1304 1746 1475 1784 oratoris

264 1819 473 1872 putandus
496 1824 572 1858 est.
628 1819 698 1865 Et,
719 1821 752 1857 si
775 1818 893 1857 Plato
915 1818 967 1857 de
989 1818 1111 1857 rebus
1133 1831 1158 1856 a
1178 1817 1360 1856 civilibus
1382 1831 1475 1856 con-

265 1896 470 1932 troversiis
489 1895 768 1931 remotissimis
786 1893 979 1931 divinitus
998 1897 1062 1930 est
1079 1892 1252 1937 locutus,
1270 1891 1381 1944 quod
1398 1905 1476 1944 ego

266 1966 476 2012 concedo;
525 1969 558 2004 si
592 1969 694 2005 item
729 1965 988 2011 Aristoteles,
1022 1968 1054 2004 si
1089 1964 1409 2017 Theophrastus,
1442 1968 1476 2004 si

266 2050 317 2086 36
