1560 2294
739 87 942 127 CICERO

235 191 418 238 dentiae,
438 204 563 243 quam
582 191 659 230 sibi
679 190 967 237 adsciscerent,
987 190 1062 230 sed
1080 204 1133 230 ne
1152 190 1259 230 hanc
1277 189 1445 244 quidem

235 265 367 315 ipsam
387 262 550 302 dicendi
570 264 773 301 rationem
795 275 842 300 ac
863 265 971 301 viam
991 275 1123 301 nosse.
1178 262 1315 315 Caput
1335 265 1445 302 enim

237 348 327 374 esse
361 334 639 373 arbitrabatur
670 336 856 380 oratoris,
889 339 937 372 ut
970 339 1015 372 et
1057 336 1168 386 ipsis,
1202 333 1313 386 apud
1344 347 1445 387 quos

236 411 395 458 ageret,
420 405 528 452 talis,
554 405 719 457 qualem
742 418 788 444 se
811 407 900 457 ipse
925 410 1105 457 optaret,
1129 405 1366 452 videretur;
1403 405 1447 445 id

237 477 325 516 fieri
338 479 448 515 vitae
463 476 682 529 dignitate,
697 476 749 515 de
764 489 846 529 qua
858 475 959 515 nihil
971 475 1164 516 rhetorici
1176 479 1246 515 isti
1259 476 1446 516 doctores

236 551 279 587 in
308 550 540 600 praeceptis
572 550 654 586 suis
684 547 974 600 reliquissent:
1021 553 1066 587 et
1095 550 1158 587 uti
1189 561 1345 595 eorum,
1375 550 1446 601 qui

237 620 442 666 audirent,
471 621 528 658 sic
556 619 815 658 afficerentur
845 621 983 665 animi,
1013 624 1062 658 ut
1091 632 1160 658 eos
1189 619 1293 658 affici
1321 619 1447 659 vellet

237 696 402 737 orator3
458 690 569 742 quod
608 693 711 728 item
752 689 841 729 fieri
880 690 991 729 nullo
1030 690 1154 729 modo
1193 703 1328 742 posse,
1367 692 1445 729 nisi

236 766 505 814 cognosceret
537 763 586 807 is,
621 763 692 813 qui
727 761 898 807 diceret,
933 766 1036 813 quot
1069 761 1200 799 modis
1234 760 1446 800 hominum

235 838 413 879 mentes,
438 838 483 871 et
505 833 653 884 quibus
675 832 813 878 rebus,
838 838 883 871 et
905 845 987 884 quo
1010 845 1164 884 genere
1187 835 1382 871 orationis
1403 835 1447 871 in

236 917 445 956 quamque
482 909 646 955 partem
691 909 983 950 moverentur;
1035 902 1139 942 haec
1177 909 1318 942 autem
1357 917 1447 943 esse

235 978 401 1027 penitus
426 977 470 1013 in
494 974 632 1013 media
656 973 912 1026 philosophia
937 980 1098 1013 retrusa
1123 980 1250 1027 atque
1277 974 1447 1022 abdita3

236 1060 343 1099 quae
371 1049 441 1085 isti
468 1045 655 1084 rhetores
683 1059 737 1084 ne
765 1046 1009 1097 primoribus
1037 1045 1206 1098 quidem
1233 1045 1356 1085 labris
1385 1051 1447 1085 at-

173 1132 218 1166 38
235 1120 440 1170 tigissent.
494 1117 560 1156 Ea
596 1117 871 1156 Menedemus
910 1117 1108 1168 exemplis
1140 1120 1287 1170 magis,
1323 1130 1447 1170 quam

237 1191 506 1241 argumentis,
540 1189 767 1226 conabatur
799 1187 1018 1227 refellere:
1066 1191 1304 1228 memoriter
1338 1191 1447 1227 enim

236 1260 368 1299 multa
388 1273 440 1298 ex
466 1260 718 1298 orationibus
745 1259 1038 1298 Demosthenis
1063 1259 1271 1311 praeclare
1297 1262 1449 1311 scripta

237 1334 521 1383 pronuntians,
551 1331 742 1377 docebat,
771 1330 886 1369 illum
914 1333 957 1369 in
986 1333 1131 1369 animis
1159 1330 1226 1369 vel
1252 1331 1448 1378 iudicum,

238 1402 303 1441 vel
326 1402 481 1454 populi,
506 1404 548 1440 in
573 1415 738 1440 ornnem
762 1407 925 1453 partem
950 1402 1123 1440 dicendo
1147 1402 1448 1454 permovendis,

237 1488 319 1512 non
343 1473 468 1512 fuisse
492 1476 696 1526 ignarum,
721 1474 868 1525 quibus
893 1486 944 1512 ea
966 1474 1089 1512 rebus
1113 1479 1448 1526 consequeretur,

238 1558 345 1597 quae
373 1550 548 1597 negaret
574 1544 642 1583 ille
670 1547 757 1583 sine
784 1543 1041 1596 philosophia
1067 1557 1319 1596 quemquam
1345 1547 1448 1584 scire

237 1629 369 1668 posse.

175 1705 220 1740 89
290 1687 382 1725 XX.
412 1687 520 1725 Huic
539 1686 607 1725 ille
627 1686 920 1738 respondebat,
940 1699 1022 1724 non
1042 1698 1087 1724 se
1107 1699 1275 1739 negare,
1297 1686 1450 1726 Demo-

236 1757 428 1796 sthenem
476 1771 678 1796 summam
725 1757 988 1809 prudentiam
1035 1770 1320 1810 summamque
1367 1760 1449 1797 vim

236 1828 427 1867 habuisse
446 1828 609 1867 dicenda·
627 1841 638 1874 ;
672 1828 745 1867 sed
763 1831 847 1867 sive
866 1827 934 1866 ille
953 1827 1029 1866 hoc
1047 1830 1214 1880 ingenio
1231 1831 1450 1880 potuisset,

238 1903 338 1945 sive,
363 1899 406 1938 id
432 1899 542 1951 quod
568 1905 792 1946 constaret,
815 1897 998 1938 Platonis
1023 1899 1229 1938 studiosus
1256 1899 1449 1938 audiendi

239 1969 413 2017 fuisset3
468 1983 563 2017 non,
606 1970 705 2023 quid
753 1970 821 2009 ille
862 1972 1079 2022 potuisset,
1121 1969 1196 2009 sed
1240 1969 1340 2022 quid
1380 1972 1449 2009 isti

239 2043 290 2078 62
