1560 2294
745 133 950 172 CICERO

241 238 363 278 cendi
381 237 603 291 prudentia
623 243 668 276 et
687 239 892 290 gravitate
916 236 1245 276 moderabimur:
1280 249 1454 288 quarum

243 304 403 340 utinam
427 306 561 340 artem
583 300 763 352 aliquam
788 299 1034 338 haberemus
1054 299 1062 338 Ξ
1092 299 1167 339 sed
1192 299 1359 338 domina
1383 310 1456 337 na-

244 370 339 403 tura
357 369 434 403 est.

163 436 228 468 248
299 426 409 464 LXI.
439 425 558 464 Nunc
597 438 850 477 exponamus
888 438 1043 477 genera
1079 427 1169 476 ipsa
1205 426 1456 470 summatim,

248 502 355 542 quae
372 491 499 527 risum
517 490 697 527 maxime
715 493 922 526 moveant.
978 487 1095 526 Haec
1112 489 1239 539 igitur
1255 489 1310 526 sit
1325 488 1458 539 prima

247 554 430 604 partitio,
459 551 570 603 quod
597 550 734 589 facete
763 550 937 596 dicatur,
965 550 1008 589 id
1036 549 1134 588 alias
1161 552 1206 588 in
1231 563 1277 589 re
1303 548 1458 589 habere

249 615 348 653 alias
384 617 427 652 in
463 614 589 653 verbo
625 612 826 652 facetias:
877 615 1058 651 maxime
1095 617 1237 651 autem
1272 611 1458 651 homines

249 677 461 723 delectari,
499 679 532 715 si
570 676 735 728 quando
772 678 874 714 risus
913 677 1129 714 coniuncte
1168 688 1213 713 re
1250 675 1458 727 verboque

249 745 477 779 moveatur.
533 738 616 778 Sed
642 738 720 777 hoc
746 744 1018 784 mementote,
1046 751 1325 790 quoscumque
1351 737 1460 777 locos

251 806 471 855 attingam,
487 802 598 840 unde
613 801 784 840 ridicula
799 801 1017 846 ducantur,
1031 813 1083 839 ex
1096 800 1253 839 eisdem
1263 800 1360 839 locis
1372 799 1460 839 fere

252 869 380 905 etiam
391 878 537 918 graves
553 866 781 903 sententias
796 877 916 915 posse
932 863 1038 902 duci.
1081 863 1262 902 Tantum
1273 865 1461 910 interest,

252 929 364 981 quod
382 930 562 980 gravitas
582 926 766 966 honestis
791 929 834 964 in
859 927 982 965 rebus
1009 939 1166 972 severe,
1184 928 1296 965 iocus
1314 928 1358 964 in
1376 931 1462 965 tur-

251 991 394 1043 piculis
430 996 474 1029 et
507 992 623 1042 quasi
657 988 908 1028 deformibus
946 991 1127 1040 ponitur,
1155 988 1270 1027 velut
1306 988 1461 1028 eisdem

252 1054 386 1093 verbis
414 1059 458 1092 et
483 1052 652 1091 laudare
678 1051 787 1104 frugi
813 1065 976 1090 servum
1001 1064 1230 1103 possumus,
1255 1056 1314 1098 et,
1339 1053 1374 1090 si
1399 1056 1463 1091 est

252 1129 447 1168 nequam,
483 1118 619 1154 iocari.
675 1114 906 1153 Ridiculum
944 1119 1008 1152 est
1044 1113 1145 1152 illud
1184 1113 1463 1152 Neronianum

253 1185 373 1218 vetus
396 1181 440 1217 in
461 1177 591 1216 furaci
608 1190 739 1223 servo,
758 1176 767 1190 ⁴
786 1176 926 1215 Solum
945 1189 1048 1222 esse,
1067 1179 1132 1214 cui
1155 1176 1266 1215 domi
1288 1175 1389 1215 nihil
1411 1179 1465 1216 sit

254 1255 331 1280 nec
348 1242 626 1293 obsignatum,
643 1252 720 1278 nec
739 1239 945 1278 occlusum
964 1238 973 1251 '
993 1252 1002 1277 :
1035 1238 1147 1290 quod
1164 1238 1276 1277 idem
1294 1241 1337 1277 in
1357 1239 1465 1279 bono

170 1310 237 1344 249
255 1318 371 1343 servo
400 1304 479 1342 dici
508 1303 628 1349 solet,
648 1302 722 1341 sed
749 1301 827 1340 hoc
855 1301 1012 1340 eisdem
1041 1303 1168 1340 etiam
1197 1301 1343 1340 verbis.
1400 1301 1464 1341 Ex

255 1367 411 1406 eisdem
430 1371 572 1404 autem
590 1365 687 1404 locis
702 1370 926 1403 nascuntur
941 1366 1090 1402 omnia.
1146 1363 1254 1402 Nam
1269 1363 1380 1416 quod
1393 1363 1462 1416 Sp.

255 1429 429 1468 Carvilio
467 1431 649 1481 graviter
686 1427 934 1466 claudicanti
972 1439 1025 1465 ex
1063 1426 1231 1465 vulnere
1269 1427 1323 1465 ob
1360 1440 1466 1466 rem-

254 1492 462 1545 publicam
481 1496 666 1542 accepto,
685 1495 730 1529 et
746 1490 800 1529 ob
819 1503 912 1528 eam
929 1502 1096 1528 causam
1113 1489 1407 1528 verecundanti
1424 1492 1467 1529 in

255 1555 465 1608 publicum
507 1553 685 1605 prodire,
719 1557 855 1591 mater
896 1552 1015 1598 dixit,
1052 1551 1060 1565 ‘
1081 1550 1191 1599 Quin
1225 1551 1376 1603 prodis,
1410 1555 1467 1591 mi

256 1617 406 1670 Spuri?
460 1619 828 1668 quotienscumque
851 1615 1026 1667 gradum
1049 1613 1190 1660 facies,
1214 1617 1367 1653 totiens
1390 1615 1467 1654 tibi

255 1687 421 1720 tuarum
441 1682 641 1718 virtutum
657 1680 796 1716 veniet
815 1680 857 1715 in
876 1682 1062 1716 mentem
1080 1675 1090 1690 ⁹
1109 1690 1119 1716 ι
1148 1676 1404 1727 praeclarum
1423 1683 1467 1717 et

255 1756 380 1796 grave
405 1748 481 1780 est.
539 1740 662 1789 Quod
685 1739 852 1778 Calvino
877 1740 1048 1778 Glaucia
1073 1738 1333 1786 claudicanti,
1357 1738 1366 1753 ⁶
1383 1739 1466 1779 Ubi

255 1811 320 1844 est
345 1810 463 1844 vetus
493 1804 620 1843 illud:
679 1817 778 1841 num
806 1802 1043 1841 claudicat?
1098 1806 1143 1840 at
1170 1800 1236 1840 hic
1263 1801 1466 1849 clodicat:

253 1868 330 1906 hoc
367 1866 582 1905 ridiculum
620 1871 712 1911 est3
763 1871 807 1903 et
839 1870 1060 1915 utrumque
1100 1877 1151 1902 ex
1185 1877 1249 1909 eo,
1282 1864 1393 1915 quod
1423 1867 1466 1903 in

299 1987 314 2002 ‘²
340 1981 539 2020 Olodicare,
564 1979 729 2023 plebeian
752 1978 825 2012 and
853 1980 963 2013 rustic
986 1978 1079 2012 form
1109 1978 1153 2012 of
1176 1977 1393 2018 claudicare,
1416 1989 1465 2012 au

254 2026 364 2068 being
381 2023 547 2068 vulgarly
563 2022 797 2068 pronounced
811 2033 843 2057 ο.

252 2090 328 2126 382
