1560 2294
754 97 958 138 CICERO

248 198 260 215 ‘
275 201 362 252 ipsa
378 199 521 247 acula:
537 214 644 253 quae
664 201 921 249 describitur,
936 217 1060 255 quam
1080 203 1262 244 Platonis
1277 207 1462 245 oratione

249 268 423 304 crevisse
443 279 452 304 z
487 271 545 313 et,
565 267 675 318 quod
694 267 762 306 ille
782 267 1004 308 durissimis
1023 269 1197 321 pedibus
1216 269 1330 317 fecit,
1349 276 1398 310 ut
1415 284 1460 311 se

249 331 432 370 abiceret
456 334 500 370 in
524 331 710 379 herbam,
736 338 863 385 atque
895 336 956 373 ita
984 334 1067 382 illa,
1093 348 1200 388 quae
1231 335 1460 388 philosophi

248 396 442 435 divinitus
455 395 596 436 ferunt
610 411 699 436 esse
713 398 839 445 dicta,
851 399 1103 451 loqueretur,
1116 401 1160 440 id
1171 403 1274 440 meis
1286 402 1460 454 pedibus

185 469 229 503 29
248 467 361 501 certe
392 463 561 502 concedi
597 469 662 502 est
697 467 880 516 aequius.
937 465 1042 505 Tum
1074 466 1289 507 Crassum:
1327 467 1460 508 Immo

248 540 344 566 vero
375 528 626 567 commodius
659 532 811 577 etiam3
842 530 1112 584 pulvinosque
1139 536 1385 584 poposcisse,
1415 540 1460 574 et

248 606 390 632 omnes
418 596 461 632 in
489 597 547 632 eis
576 595 756 642 sedibus,
776 609 883 648 quae
908 602 1027 636 erant
1053 598 1131 637 sub
1157 598 1341 650 platano,
1365 613 1460 638 con-

247 658 401 698 sedisse
421 659 599 699 dicebat.

299 723 417 763 VIII.
447 725 525 772 Ibi,
562 731 611 764 ut
649 739 701 765 ex
738 729 910 779 pristino
948 741 1137 768 sermone
1173 730 1459 770 relaxarentur

248 792 373 828 animi
397 787 594 838 omnium,
620 791 780 831 solebat
805 792 931 832 Cotta
955 807 1135 842 narrare,
1160 794 1351 835 Crassum
1375 810 1458 836 ser-
1496 809 1498 811 ’

183 867 228 902 30
246 869 412 894 monem
438 857 661 908 quemdam
688 857 741 896 de
768 858 905 897 studio
932 859 1095 899 dicendi
1122 861 1320 900 intulisse.
1375 862 1456 911 Qui

243 935 337 960 cum
364 924 425 960 ita
453 928 564 961 esset
602 936 784 970 exorsus,
816 938 899 963 non
926 925 1002 964 sibi
1040 925 1337 966 cohortandum
1369 927 1458 967 Sul-

242 990 394 1038 picium
411 992 455 1026 et
471 987 652 1035 Cottam,
669 989 743 1028 sed
757 992 888 1042 magis
904 996 1126 1043 utrumque
1142 992 1456 1033 collaudandum

243 1052 385 1099 videri,
414 1053 526 1106 quod
553 1059 716 1093 tantam
744 1057 827 1093 iam
860 1062 999 1095 essent
1026 1055 1270 1097 facultatem
1299 1058 1456 1112 adepti,

243 1123 292 1157 ut
322 1132 406 1157 non
436 1119 676 1171 aequalibus
708 1123 789 1159 suis
821 1121 952 1160 solum
984 1128 1351 1174 anteponerentur,
1381 1125 1456 1164 sed

243 1196 337 1222 cum
372 1185 593 1223 maioribus
629 1191 732 1224 natu
768 1193 1116 1238 compararentur.
1176 1188 1323 1242 Neque
1359 1203 1456 1230 vero

243 1248 343 1287 mihi
370 1250 610 1302 quidquam,
636 1253 785 1303 inquit,
812 1253 1098 1303 praestabilius
1126 1254 1303 1302 videtur,
1330 1269 1455 1308 quam

244 1328 365 1366 posse
413 1315 587 1355 dicendo
635 1322 780 1356 tenere
828 1317 1040 1357 hominum
1088 1325 1245 1367 coetus,
1291 1327 1455 1361 mentes

244 1380 421 1427 allicere,
439 1381 673 1421 voluntates
691 1382 903 1434 impellere
922 1398 1004 1436 quo
1022 1384 1122 1424 velit
1140 1397 1151 1432 ;
1184 1385 1294 1425 unde
1313 1392 1454 1426 autem

244 1446 357 1492 velit,
374 1446 591 1486 deducere.
647 1447 763 1487 Haec
779 1462 862 1487 una
877 1462 942 1488 res
958 1452 1001 1488 in
1017 1453 1129 1489 omni
1143 1450 1272 1491 libero
1288 1453 1454 1504 populo,

243 1514 506 1564 maximeque
552 1515 596 1551 in
641 1516 798 1565 pacatis
845 1515 1157 1568 tranquillisque
1204 1519 1453 1566 civitatibus,

241 1580 462 1629 praecipue
490 1591 654 1630 semper
682 1578 833 1626 floruit,
861 1593 1106 1633 semperque
1135 1582 1346 1622 dominata
1374 1590 1450 1624 est.

179 1656 220 1690 31
241 1641 352 1690 Quid
375 1645 484 1681 enim
507 1649 572 1682 est
593 1649 666 1683 aut
687 1649 775 1683 tam
797 1645 1050 1693 admirabile,
1073 1661 1198 1699 quam
1220 1661 1271 1687 ex
1292 1649 1453 1689 infinita

239 1707 507 1747 multitudine
532 1708 745 1748 hominum
771 1714 970 1750 exsistere
996 1725 1138 1759 unum,
1164 1716 1234 1766 qui
1259 1714 1316 1761 id,
1341 1715 1452 1767 quod

241 1774 431 1812 omnibus
453 1780 603 1813 natura
625 1778 679 1814 sit
701 1775 861 1823 datum,
883 1776 948 1815 vel
970 1777 1093 1824 solus,
1113 1778 1178 1817 vel
1200 1792 1293 1818 cum
1312 1783 1452 1831 paucis

239 1837 377 1878 facere
407 1841 569 1890 possit?
624 1841 713 1880 Aut
747 1847 835 1880 tam
869 1843 1092 1882 iucundum
1127 1847 1296 1897 cognitu
1324 1851 1450 1898 atque

240 1903 401 1950 auditu,
446 1918 571 1957 quam
616 1907 871 1958 sapientibus
916 1912 1132 1948 sententiis
1176 1911 1451 1963 gravibusque

241 1970 374 2008 verbis
408 1976 554 2010 ornata
588 1974 718 2011 oratio
753 1978 798 2012 et
829 1973 992 2026 polita?
1046 1975 1135 2014 Aut
1167 1980 1255 2015 tam
1288 1981 1451 2029 potens,

241 2053 293 2087 22
