1560 2294
797 125 1000 165 CICERO

346 231 421 271 Me
459 244 555 270 vero
592 230 764 277 libente,
797 233 932 282 inquit
970 229 1190 275 Antonius,
1227 227 1380 267 dixerit
1416 227 1500 264 sive

293 301 507 341 refellendi
527 315 650 340 causa
669 304 754 340 sive
774 300 1013 353 quaerendi.

208 382 275 416 296
344 373 450 412 Tum
498 372 624 412 Iulius
644 386 653 411 z
699 372 790 425 Ego
835 370 1085 417 mehercule,
1130 372 1279 422 inquit,
1332 368 1502 414 Antoni,

293 457 456 496 semper
469 447 503 483 is
517 443 577 482 fui
597 446 667 496 qui
682 443 734 482 de
754 449 798 482 te
813 449 975 482 oratore
990 445 1047 481 sic
1065 441 1360 494 praedicarem,
1374 453 1502 478 unum

294 521 338 554 te
364 518 407 553 in
433 515 606 554 dicendo
626 514 725 553 mihi
751 514 880 553 videri
906 516 1192 559 tectissimum,
1210 513 1502 564 propriumque

295 586 371 625 hoc
395 599 483 625 esse
506 586 638 625 laudis
661 591 775 632 tuae,
791 585 891 623 nihil
913 599 938 623 a
959 591 1004 624 te
1026 597 1209 636 unquam
1232 596 1321 622 esse
1346 582 1503 622 dictum

295 657 406 709 quod
439 658 605 696 obesset
635 660 673 695 ei
705 670 779 709 pro
809 670 890 708 quo
923 656 1109 702 diceres3
1152 655 1277 707 idque
1305 655 1503 692 memoria.

294 734 433 775 teneo,
453 742 547 767 cum
565 728 666 767 mihi
694 741 828 767 sermo
857 741 950 766 cum
978 727 1055 766 hoc
1083 729 1171 778 ipso
1200 725 1345 764 Crasso
1363 723 1502 763 multis

294 800 557 839 audientibus
606 805 716 838 esset
762 801 977 838 institutus
1023 797 1273 849 Crassusque
1320 795 1502 848 plurimis

293 872 427 910 verbis
451 871 732 923 eloquentiam
761 870 952 909 laudaret
981 875 1112 916 tuam,
1131 869 1282 908 dixisse
1311 880 1379 906 me
1409 880 1503 906 cum

294 945 443 981 ceteris
472 945 554 981 tuis
583 941 772 981 laudibus
800 941 906 980 hanc
933 954 1022 979 esse
1046 940 1111 979 vel
1133 942 1371 986 maximam,
1393 937 1504 990 quod

295 1028 378 1052 non
423 1013 555 1053 solum
598 1013 710 1065 quod
755 1026 857 1065 opus
902 1017 1012 1051 esset
1058 1011 1214 1050 diceres
1257 1009 1332 1050 sed
1377 1012 1502 1049 etiam

209 1096 276 1129 297
296 1085 405 1137 quod
434 1098 517 1124 non
542 1097 644 1136 opus
674 1090 785 1124 esset
812 1098 895 1123 non
923 1083 1080 1122 diceres
1100 1097 1109 1122 :
1150 1088 1241 1122 tum
1265 1081 1380 1120 illum
1404 1080 1502 1120 mihi

294 1156 543 1208 respondere
574 1157 758 1202 memini,
789 1161 929 1194 cetera
958 1157 1002 1193 in
1032 1159 1076 1193 te
1108 1167 1267 1192 summe
1299 1165 1388 1192 esse
1418 1151 1504 1191 lau-

294 1227 446 1273 danda,
466 1226 566 1265 illud
592 1239 688 1265 vero
711 1226 886 1278 improbi
911 1239 999 1264 esse
1022 1224 1197 1264 hominis
1218 1230 1262 1264 et
1284 1223 1504 1276 perfidiosi,

296 1298 432 1337 dicere
451 1297 563 1350 quod
581 1297 760 1336 alienum
776 1303 886 1336 esset
905 1302 949 1336 et
967 1301 1135 1335 noceret
1153 1298 1192 1334 ei
1208 1309 1282 1348 pro
1298 1309 1379 1348 quo
1397 1297 1504 1347 quis-

297 1383 378 1422 que
398 1369 555 1407 diceret
573 1381 583 1414 ;
612 1381 738 1420 quare
758 1381 841 1407 non
856 1368 931 1407 sibi
953 1381 1048 1406 eum
1062 1367 1263 1406 disertum
1277 1366 1404 1419 quiid
1423 1379 1504 1405 non

295 1439 452 1479 faceret
478 1440 605 1478 videri
632 1439 706 1478 sed
730 1439 977 1491 improbum,
1000 1441 1070 1491 qui
1095 1437 1265 1477 faceret.
1321 1437 1453 1484 Nunc,
1471 1439 1504 1476 si

294 1512 370 1550 tibi
394 1511 571 1557 videtur,
592 1511 763 1557 Antoni,
783 1510 1040 1549 demonstres
1067 1509 1190 1548 velim
1209 1522 1336 1561 quare
1362 1514 1410 1548 tu
1428 1507 1505 1548 hoc

294 1585 354 1621 ita
373 1595 570 1634 magnum
589 1587 726 1633 putes,
741 1581 841 1619 nihil
859 1583 902 1619 in
921 1594 1044 1620 causa
1058 1580 1155 1619 mali
1173 1579 1325 1627 facere,
1339 1585 1388 1619 ut
1406 1579 1504 1618 nihil

295 1654 371 1692 tibi
391 1656 433 1691 in
452 1659 614 1692 oratore
634 1655 764 1691 maius
785 1666 874 1691 esse
893 1652 1094 1691 videatur.

212 1730 278 1763 298
350 1723 537 1762 LXXIV.
569 1724 716 1762 Dicam
761 1723 968 1775 equidem,
1007 1722 1171 1769 Caesar,
1214 1725 1363 1775 inquit,
1406 1721 1505 1775 quid

297 1795 551 1847 intellegam,
585 1795 659 1834 sed
698 1801 742 1834 et
779 1801 840 1841 tu,
875 1800 920 1833 et
958 1807 1027 1833 vos
1061 1807 1202 1833 omnes
1239 1793 1330 1840 hoc,
1358 1795 1506 1845 inquit,

296 1871 568 1912 mementote,
597 1879 680 1904 non
708 1879 775 1904 me
805 1866 858 1905 de
886 1864 1061 1917 perfecti
1090 1867 1261 1904 oratoris
1290 1864 1506 1903 divinitate

297 1937 476 1989 quadam
495 1937 608 1989 loqui
631 1937 705 1976 sed
731 1936 783 1975 de
805 1939 1110 1975 exercitationis
1132 1941 1176 1975 et
1201 1935 1505 1975 consuetudinis

296 2021 415 2046 meae
431 2008 730 2046 mediocritate.
786 2007 918 2046 Crassi
935 2007 1102 2059 quidem
1118 2020 1358 2059 responsum
1374 2005 1506 2046 excel-

295 2091 372 2126 424
