1560 2294
752 139 956 180 CICERO

247 243 431 280 oratione
457 242 594 295 aliqua
616 242 726 282 lecta
750 244 803 283 ad
828 258 924 283 eum
949 245 1087 292 finem,
1112 259 1237 298 quem
1259 249 1458 285 memoria

245 310 408 348 possem
428 299 792 351 comprehendere,
809 314 902 340 eam
921 315 1009 341 rem
1027 305 1173 354 ipsam,
1193 316 1319 355 quam
1337 303 1456 356 legis-

245 366 347 399 sem,
376 356 509 394 verbis
539 356 626 394 aliis
655 370 781 409 quam
808 361 988 397 maxime
1016 372 1179 410 possem
1206 359 1338 406 lectis,
1365 373 1456 412 pro-

245 413 492 451 nuntiarem.
548 411 631 451 Sed
657 419 751 464 post
779 415 1064 462 animadverti,
1091 416 1168 455 hoc
1195 429 1285 455 esse
1310 419 1354 455 in
1379 416 1456 456 hoc

244 469 346 513 vitii,
369 469 480 520 quod
502 483 552 508 ea
574 471 713 517 verba,
736 485 842 523 quae
865 475 1044 511 maxime
1067 475 1263 525 cuiusque
1284 476 1344 512 rei
1364 487 1456 525 pro-

244 527 346 574 pria,
392 538 582 578 quaeque
628 534 767 567 essent
811 532 1070 568 ornatissima
1113 535 1240 582 atque
1284 533 1455 583 optima,

245 588 486 632 occupasset
514 589 587 622 aut
615 584 786 630 Ennius,
815 588 847 623 si
877 586 930 624 ad
958 589 1045 625 eius
1074 600 1213 626 versus
1241 600 1309 626 me
1339 601 1455 627 exer-

246 650 397 684 cerem,
427 645 500 677 aut
530 640 752 687 Gracchus,
781 644 814 680 si
845 645 931 681 eius
961 646 1190 682 orationem
1218 643 1318 682 mihi
1346 643 1454 684 forte

245 698 559 746 proposuissem.
615 697 696 744 Ita,
724 701 758 736 si
797 699 954 738 eisdem
992 701 1125 739 verbis
1164 707 1318 748 uterer,
1355 701 1455 740 nihil

245 751 440 802 prodesse
459 766 469 799 ;
502 756 536 792 si
562 753 664 801 aliis,
688 758 816 794 etiam
839 757 999 803 obesse,
1021 771 1116 796 cum
1141 761 1275 798 minus
1298 758 1454 798 idoneis

163 821 226 854 155
246 811 306 847 uti
333 822 654 850 consuescerem.
710 811 862 852 Postea
886 813 986 852 mihi
1011 814 1181 866 placuit,
1207 829 1340 868 eoque
1364 829 1454 854 sum

245 878 340 904 usus
379 866 629 914 adolescens,
667 874 715 907 ut
752 883 1004 909 summorum
1041 877 1250 910 oratorum
1286 885 1454 925 graecas

243 925 448 962 orationes
469 924 729 976 explicarem.
786 926 944 975 Quibus
962 927 1080 967 lectis
1098 928 1176 968 hoc
1194 930 1455 982 assequebar,

243 986 304 1026 ut,
328 994 422 1019 cum
452 994 515 1028 ea,
539 996 646 1034 quae
672 983 857 1036 legerem
882 998 1045 1037 graece,
1068 985 1197 1025 latine
1222 986 1454 1034 redderem,

243 1050 325 1075 non
351 1038 482 1077 solum
507 1042 673 1090 optimis
700 1041 833 1079 verbis
860 1047 1014 1088 uterer,
1041 1048 1085 1081 et
1109 1048 1253 1082 tamen
1278 1046 1455 1090 usitatis,

243 1094 317 1132 sed
331 1098 458 1134 etiam
473 1099 747 1147 exprimerem
761 1098 966 1150 quaedam
981 1100 1107 1138 verba
1119 1101 1335 1148 imitando,
1348 1114 1455 1153 quae

242 1165 347 1189 nova
365 1155 513 1191 nostris
533 1159 685 1200 essent,
705 1154 928 1194 dummodo
948 1162 1088 1195 essent
1105 1157 1267 1196 idonea.

163 1225 225 1259 156
295 1207 385 1246 Iam
409 1212 531 1256 vocis,
555 1215 600 1249 et
621 1213 802 1262 spiritus,
826 1217 871 1251 et
897 1215 1024 1252 totius
1048 1217 1240 1265 corporis,
1263 1220 1308 1253 et
1329 1217 1454 1266 ipsius

243 1264 408 1317 linguae
437 1272 574 1306 motus
605 1273 649 1307 et
678 1271 1010 1317 exercitationes,
1039 1284 1123 1309 non
1151 1277 1239 1310 tam
1268 1275 1366 1310 artis
1395 1275 1454 1310 in-

243 1321 402 1374 digent,
427 1337 552 1375 quam
575 1324 724 1364 laboris
743 1337 754 1372 ;
792 1327 940 1378 quibus
963 1329 1006 1365 in
1029 1328 1152 1366 rebus
1175 1327 1366 1367 habenda
1390 1334 1454 1368 est

242 1382 348 1417 ratio
369 1379 603 1433 diligenter,
625 1396 726 1434 quos
747 1385 971 1430 imitemur,
992 1398 1166 1436 quorum
1186 1385 1337 1424 similes
1358 1386 1453 1425 veli—

242 1450 333 1475 mus
358 1450 460 1476 esse.
517 1438 713 1478 Intuendi
737 1440 853 1479 nobis
877 1446 974 1479 sunt
998 1455 1080 1480 non
1103 1442 1234 1481 solum
1257 1448 1453 1490 oratores,

242 1493 316 1532 sed
337 1496 464 1532 etiam
485 1500 659 1542 actores,
679 1509 732 1535 ne
753 1497 862 1535 mala
882 1498 1179 1537 consuetudine
1201 1499 1255 1538 ad
1274 1499 1452 1552 aliquam

159 1570 222 1604 157
242 1550 550 1590 deformitatem
568 1555 901 1606 pravitatemque
921 1558 1144 1594 veniamus.
1210 1556 1453 1596 Exercenda

242 1614 306 1646 est
346 1611 472 1647 etiam
510 1613 722 1657 memoria,
761 1611 989 1650 ediscendis
1028 1612 1081 1651 ad
1119 1613 1290 1652 verbum
1328 1627 1452 1666 quam

240 1665 422 1716 plurimis
447 1671 491 1704 et
517 1669 664 1705 nostris
688 1670 862 1719 scriptis,
886 1674 930 1707 et
958 1669 1112 1708 alienis.
1168 1670 1310 1722 Atque
1338 1673 1380 1709 in
1403 1685 1454 1710 ea

241 1724 538 1761 exercitatione
572 1737 654 1762 non
687 1738 786 1763 sane
819 1724 919 1763 mihi
953 1725 1142 1777 displicet
1176 1727 1386 1774 adhibere,
1419 1731 1452 1767 si

240 1782 460 1825 consueris,
505 1782 632 1819 etiam
674 1783 797 1820 istam
840 1782 1020 1821 locorum
1063 1783 1452 1837 simulacrorumque

286 1902 302 1919 ⁰
324 1899 400 1932 The
423 1900 591 1943 speeches
611 1901 652 1935 of
673 1901 712 1936 C.
731 1901 918 1936 Gracchus
943 1903 1017 1946 (see
1041 1903 1170 1947 Index)
1193 1916 1284 1939 were
1306 1905 1446 1940 studied

241 1952 280 1975 as
298 1942 435 1977 models
452 1945 487 1977 in
504 1944 566 1978 the
582 1945 773 1979 rhetorical
789 1946 931 1980 schools
948 1947 989 1980 of
1001 1947 1063 1981 the
1082 1948 1238 1991 Empire.

290 1985 303 2006 ⁶
327 1986 476 2021 Crassus
493 1989 521 2021 is
538 1989 717 2033 speaking
734 1990 775 2024 of
790 2001 888 2024 some
907 2001 924 2024 s
951 1994 1040 2025 stem
1059 1991 1100 2025 of
1115 1993 1346 2032 mnemonics,
1362 1993 1448 2027 such

240 2039 280 2063 as
297 2031 478 2065 Antonius
495 2031 667 2067 discusses
681 2035 717 2067 in
737 2033 841 2068 Book
858 2034 907 2073 11.
938 2035 1228 2071 xxxvi.—lxxxviii.

242 2086 316 2122 106
