1560 2294
710 105 915 146 CICERO

145 217 189 251 23
207 211 470 251 descendere.
526 211 591 250 Sic
621 213 731 250 enim
761 224 805 249 se
834 223 899 248 res
929 208 1085 247 habet:
1129 212 1191 253 ut,
1221 203 1418 258 quemad·

206 283 374 322 modum
401 283 583 322 volucres
610 282 810 328 videmus,
836 281 1128 333 procreationis
1156 282 1283 329 atque
1309 274 1417 314 utili-

207 357 306 394 tatis
326 368 424 393 suae
445 367 582 400 causa,
603 353 758 406 fingere
779 357 824 391 et
843 356 1079 391 construere
1099 348 1230 394 nidos,
1250 346 1418 386 easdem

207 431 364 472 autem,
397 439 491 464 cum
525 424 679 477 aliquid
718 423 942 469 effecerint,
979 420 1143 461 levandi
1178 419 1327 458 laboris
1355 419 1417 456 sui

207 510 344 543 causa,
368 499 520 548 passim
545 509 592 534 ac
614 496 758 541 libere,
783 494 936 533 solutas
961 505 1100 545 opere,
1123 490 1294 530 volitare
1313 501 1324 535 3
1361 490 1418 527 sic

207 570 336 608 nostri
357 570 497 614 animi,
517 566 747 606 forensibus
768 567 945 618 negotiis
967 570 1095 616 atque
1116 563 1272 601 urbano
1294 573 1417 612 opere

209 638 374 685 defessi,
401 641 584 692 gestiant
613 651 661 676 ac
689 637 861 676 volitare
890 638 1073 688 cupiant,
1101 635 1218 673 vacui
1246 645 1343 671 cura
1371 644 1418 669 ac

147 719 191 751 24
208 711 360 749 labore.
418 710 567 762 Itaque
602 709 716 755 illud,
751 708 863 761 quod
897 721 975 760 ego
1008 709 1052 744 in
1086 718 1209 744 causa
1243 703 1419 742 Curiana

210 781 428 820 Scaevolae
444 781 543 827 dixi,
555 794 638 819 non
653 780 739 819 dixi
753 792 869 818 secus
885 792 932 817 ac
952 777 1198 822 sentiebam,
1210 774 1219 789 ‘
1235 773 1342 813 Nam
1357 772 1418 820 si‚'

210 855 392 905 inquam,
421 851 430 866 ‘
446 851 654 898 Scaevola,
683 850 841 889 nullum
869 852 949 888 erit
976 852 1276 888 testamentum
1305 849 1418 884 recte

210 923 382 970 factum,
411 926 488 962 nisi
518 923 630 976 quod
655 928 703 961 tu
733 923 954 974 scripseris,
980 932 1122 959 omnes
1156 918 1211 957 ad
1238 922 1283 956 te
1312 918 1418 954 cives

211 1009 305 1034 cum
320 994 470 1034 tabulis
485 997 711 1040 veniemus,
727 995 909 1032 omnium
928 995 1184 1031 testamenta
1202 994 1250 1028 tu
1269 987 1419 1026 scribes

211 1079 316 1105 unus
332 1080 342 1105 ι
361 1066 459 1118 quid
473 1066 628 1118 igitur?
644 1064 653 1079 ’
673 1068 842 1117 inquam
857 1077 867 1103 ε
887 1063 897 1078 ⁴
912 1062 1077 1116 quando
1093 1074 1191 1114 ages
1206 1061 1419 1112 negotium

210 1137 450 1189 publicum?
480 1136 645 1189 quando
661 1135 913 1175 amicorum?
943 1133 1108 1186 quando
1122 1138 1242 1170 tuum
1257 1131 1272 1169 Ρ
1292 1143 1420 1183 quan-

211 1208 265 1247 do
288 1208 467 1260 denique
491 1207 590 1246 nihil
613 1220 712 1260 ages
730 1207 746 1245 ?
762 1206 771 1220 ’
824 1205 931 1244 Tum
956 1204 1057 1243 illud
1083 1202 1222 1242 addidi
1241 1215 1251 1240 ι
1284 1201 1294 1216 ‘
1315 1200 1420 1239 Mihi

213 1282 322 1319 enim
343 1279 447 1318 liber
469 1293 558 1318 esse
580 1292 663 1317 non
685 1278 862 1323 videtur,
884 1278 955 1329 qui
976 1289 1059 1314 non
1081 1272 1300 1326 aliquando
1322 1271 1420 1310 nihil

213 1350 328 1403 agit.'
384 1350 433 1388 In
456 1364 538 1402 qua
561 1362 799 1402 permaneo,
819 1347 981 1393 Catule,
996 1347 1230 1391 sententia3
1256 1355 1421 1395 meque,

212 1435 306 1460 cum
318 1421 399 1460 huc
418 1424 526 1467 veni,
544 1420 622 1460 hoc
641 1423 775 1472 ipsum
795 1419 895 1458 nihil
914 1431 1038 1471 agere
1059 1423 1104 1456 et
1121 1416 1244 1468 plane
1263 1426 1421 1454 cessare

213 1493 407 1532 delectat.

152 1576 195 1609 25
266 1564 373 1603 Nam
388 1563 499 1616 quod
513 1563 707 1602 addidisti
722 1563 907 1607 tertium,
922 1574 991 1599 vos
1007 1573 1076 1598 eos
1092 1571 1195 1605 esse,
1210 1559 1281 1610 qui
1294 1559 1421 1596 vitam

213 1637 425 1674 insuavem
446 1637 534 1673 sine
556 1634 618 1673 his
640 1633 785 1672 studiis
806 1634 1023 1684 putaretis,
1044 1630 1088 1669 id
1107 1643 1175 1668 me
1197 1642 1279 1668 non
1300 1627 1422 1666 modo

215 1720 297 1746 non
325 1706 515 1745 hortatur
544 1705 597 1744 ad
626 1703 935 1756 disputandum,
964 1702 1038 1741 sed
1068 1704 1195 1740 etiam
1223 1700 1420 1739 deterret.

216 1778 322 1816 Nam
355 1783 404 1816 ut
432 1777 477 1817 C.
514 1776 706 1822 Lucilius,
739 1775 862 1814 homo
899 1774 1043 1813 doctus
1078 1778 1122 1811 et
1154 1771 1421 1824 perurbanus,

215 1849 350 1888 dicere
374 1848 533 1887 solebat
557 1861 607 1886 ea
638 1860 744 1899 quae
771 1846 968 1885 scriberet
992 1856 1128 1896 neque
1155 1843 1207 1881 ab
1231 1841 1423 1881 indoctis·

215 1922 326 1959 simis
349 1933 408 1966 se,
426 1932 562 1971 neque
587 1932 611 1957 a
634 1919 876 1957 doctissimis
898 1916 981 1968 legi
1004 1914 1108 1954 velle
1127 1926 1138 1960 ;
1170 1913 1280 1966 quod
1303 1912 1420 1951 alteri

217 1990 317 2029 nihil
344 1990 650 2042 intellegerent,
677 1989 796 2028 alteri
823 1987 913 2040 plus
942 1985 1131 2031 fortasse,
1158 1997 1283 2036 quam
1308 1986 1422 2035 ipse3

217 2076 294 2111 214
