1560 2294
755 124 960 164 CICERO

251 228 435 276 bonum,’
455 231 604 282 inquit,
629 228 638 244 ⁸
655 232 952 282 egregiumque
979 231 1111 268 civem
1141 241 1230 267 esse
1259 225 1461 267 arbitror!

253 291 438 331 Ridicule
465 295 592 332 etiam
615 292 716 331 illud
745 292 792 330 L.
821 292 970 331 Nasica
997 294 1155 331 censori
1181 291 1343 337 Catoni,
1368 303 1462 330 cum

253 357 346 396 ille:
386 357 394 371 ‘
413 357 478 396 Ex
507 361 569 397 tui
599 360 722 396 animi
754 360 963 396 sententia
990 363 1039 396 tu
1067 369 1238 395 uxorem
1271 355 1433 395 habes?
1451 353 1462 369 ’

255 422 266 437 ‘
281 422 375 462 Non
411 422 605 470 hercule,'
638 426 786 475 inquit,
826 423 835 437 ⁸
851 436 904 462 ex
941 425 1024 461 mei
1063 424 1187 460 animi
1225 419 1463 460 sententia.’

255 488 372 527 Haec
404 494 478 528 aut
514 488 665 542 frigida
697 494 808 535 sunt,
843 494 916 528 aut
948 494 1040 527 tum
1070 487 1190 534 salsa,
1222 501 1316 526 cum
1353 485 1464 525 aliud

255 559 320 593 est
347 560 649 606 exspectatum.
708 554 868 593 Natura
897 557 1008 593 enim
1035 566 1123 600 nos,
1154 557 1203 591 ut
1234 557 1333 591 ante
1364 552 1464 598 dixi,

253 625 395 659 noster
422 619 606 659 delectat
636 633 775 659 error:
824 632 877 658 ex
906 633 1002 671 quo,
1031 632 1125 658 cum
1153 620 1269 670 quasi
1299 617 1463 669 decepti

253 698 393 724 sumus
412 688 739 738 exspectatione,
756 685 950 724 ridemus.

168 759 233 796 261
307 751 431 790 LXV.
462 750 512 789 In
537 751 671 790 verbis
698 753 826 790 etiam
850 750 920 789 illa
945 755 1056 796 sunt,
1081 762 1189 802 quae
1215 754 1289 788 aut
1314 761 1366 787 ex
1390 751 1465 788 im·

254 822 417 855 mutata
438 819 623 856 oratione
646 816 866 862 ducuntur,
889 821 963 854 aut
985 829 1037 854 ex
1058 817 1178 853 unius
1199 814 1312 853 verbi
1334 819 1465 853 trans-

254 882 423 928 latione,
450 888 524 921 aut
553 895 605 921 ex
634 884 863 920 inversione
890 882 1120 920 verborum.
1181 880 1246 919 Ex
1273 882 1465 919 immuta-

254 951 383 994 tione,
410 954 459 987 ut
495 948 605 994 olim,
634 947 768 986 Rusca
795 961 889 987 cum
925 946 1063 999 legem
1094 945 1224 985 ferret
1260 945 1464 992 annalem,

254 1013 459 1052 dissuasor
472 1013 533 1052 M.
547 1012 738 1052 Servilius
754 1027 764 1052 ι
790 1012 799 1027 ¹
816 1013 894 1051 Dic
906 1011 1034 1058 mihi‚’
1049 1014 1197 1064 inquit,
1210 1010 1220 1025 ‘
1237 1010 1298 1049 M.
1314 1009 1464 1057 Pinari,

255 1090 369 1123 num,
393 1079 427 1115 si
451 1081 594 1115 contra
618 1081 663 1115 te
688 1075 845 1122 dixero,
869 1074 969 1114 mihi
993 1074 1101 1113 male
1126 1074 1308 1113 dicturus
1334 1086 1392 1120 es,
1415 1077 1465 1112 ut

171 1147 237 1180 262
255 1144 403 1181 ceteris
423 1140 558 1180 fecisti
576 1142 591 1180 ?
611 1141 620 1155 ’
678 1140 687 1155 ¹
707 1141 769 1180 Ut
787 1146 1020 1180 sementem
1041 1139 1202 1186 feceris,
1224 1142 1284 1178 ita
1302 1137 1464 1185 metes:

255 1210 402 1260 inquit.
461 1207 524 1246 Ex
548 1206 818 1246 translatione
846 1211 1001 1252 autem,
1030 1211 1092 1252 ut,
1115 1218 1210 1244 cum
1238 1204 1372 1256 Scipio
1396 1204 1464 1243 ille

254 1276 383 1312 maior
411 1271 631 1312 Corinthiis
659 1278 843 1311 statuam
870 1271 1157 1323 pollicentibus
1186 1284 1236 1309 eo
1263 1270 1367 1316 loco,
1394 1270 1464 1309 ubi

255 1339 426 1378 aliorum
452 1343 592 1377 essent
619 1340 930 1390 imperatorum,
956 1336 965 1351 ‘
981 1336 1178 1376 turmales
1194 1336 1204 1350 ’
1230 1335 1336 1375 dixit
1361 1335 1370 1350 ‘
1386 1335 1466 1374 dis-

254 1403 434 1456 plicere.’
484 1403 753 1443 Invertuntur
772 1408 915 1442 autem
931 1402 1071 1449 verba,
1085 1407 1148 1449 ut,
1167 1401 1335 1441 Crassus
1355 1399 1466 1453 apud

257 1470 318 1509 M.
342 1469 594 1522 Perpernam
622 1469 802 1508 iudicem
829 1482 903 1521 pro
932 1468 1143 1507 Aculeone
1171 1481 1266 1507 cum
1293 1466 1464 1512 diceret,

255 1536 401 1575 aderat
446 1540 590 1574 contra
636 1534 891 1574 Aculeonem
938 1533 1180 1572 Gratidiano
1227 1531 1275 1571 L.
1322 1531 1464 1571 Aelius

255 1601 413 1648 Lamia,
441 1599 650 1647 deformis,
678 1605 727 1639 ut
754 1602 911 1645 nostis;
963 1602 1034 1651 qui
1062 1612 1156 1637 cum
1183 1597 1466 1650 interpellaret

301 1728 318 1744 ⁸
341 1724 392 1758 At
420 1724 481 1758 the
510 1722 676 1758 consular
705 1722 872 1756 electioris
902 1722 938 1755 in
968 1721 1030 1755 the
1059 1720 1214 1755 Comitia
1244 1719 1464 1760 Centuriata,

255 1770 379 1812 voting
401 1767 510 1811 being
533 1767 584 1811 by
606 1768 794 1806 centuries,
817 1766 879 1800 the
902 1766 1024 1799 choice
1046 1766 1089 1798 of
1106 1765 1196 1798 each
1218 1767 1369 1807 century
1391 1774 1464 1798 was

255 1811 419 1855 reported
448 1815 486 1846 to
514 1811 575 1845 the
604 1810 788 1854 presiding
815 1809 941 1844 consul
970 1809 1020 1852 by
1049 1810 1094 1842 its
1123 1819 1203 1842 own
1231 1807 1462 1851 spokesman.

255 1855 388 1899 Scipio,
400 1857 523 1899 acting
533 1865 574 1888 as
585 1865 654 1888 one
665 1855 707 1888 of
714 1854 813 1888 these
824 1852 1052 1897 spokesmen,
1064 1852 1220 1895 thought
1231 1853 1259 1886 it
1270 1852 1464 1886 humorous

255 1899 405 1942 wilfully
424 1902 462 1934 to
484 1898 639 1933 mistake
659 1898 720 1932 the
741 1897 870 1932 official
917 1897 1067 1936 uestion.
1089 1906 1129 1930 as
1150 1899 1188 1930 to
1209 1895 1264 1929 his
1284 1894 1464 1938 century’a

254 1943 411 1978 decision
430 1953 478 1977 on
497 1943 558 1976 the
577 1941 813 1976 candidature
832 1942 874 1975 of
924 1965 933 1975 .
956 1939 1116 1974 Manlius
1136 1939 1323 1979 Acidinus,
1342 1940 1398 1973 for
1415 1949 1463 1973 an

255 1988 399 2052 inquiry
416 1987 492 2021 into
509 1986 564 2020 his
581 1997 661 2020 own
678 1984 845 2029 personal
861 1985 1008 2028 opinion
1026 1984 1067 2017 of
1079 1983 1141 2017 the
1157 1982 1359 2017 candidate.

344 2030 536 2066 Bachelors
552 2041 644 2064 were
659 2028 856 2064 assessable
871 2031 910 2062 to
925 2038 949 2062 a
964 2027 1097 2072 special
1113 2030 1186 2062 tax.
1235 2027 1270 2061 It
1286 2028 1315 2061 is
1331 2024 1465 2061 related

255 2095 333 2137 894
